time,side,price,qty
1676328824,B,21656.12000000,0.02399000
1676328824,B,21656.02000000,0.00100000
1676328824,B,21655.83000000,0.00065000
1676328824,B,21655.48000000,0.04710000
1676328824,B,21655.47000000,0.09235000
1676328824,B,21655.44000000,0.00891000
1676328824,B,21655.43000000,0.01495000
1676328824,B,21655.42000000,0.04000000
1676328824,B,21655.41000000,0.29243000
1676328824,B,21655.39000000,0.08945000
1676328824,B,21655.38000000,0.00070000
1676328824,B,21655.37000000,0.02169000
1676328824,B,21655.35000000,0.02770000
1676328824,B,21655.32000000,0.02770000
1676328824,B,21655.31000000,0.00100000
1676328824,B,21655.30000000,0.00200000
1676328824,B,21655.28000000,0.01365000
1676328824,B,21655.16000000,0.02770000
1676328824,B,21655.05000000,0.02770000
1676328824,B,21655.02000000,0.00100000
1676328824,A,21656.53000000,0.00001000
1676328824,A,21656.55000000,0.17334000
1676328824,A,21656.60000000,0.00067000
1676328824,A,21656.64000000,0.00070000
1676328824,A,21656.93000000,0.00065000
1676328824,A,21657.04000000,0.05658000
1676328824,A,21657.05000000,0.16261000
1676328824,A,21657.06000000,0.37542000
1676328824,A,21657.09000000,0.00214000
1676328824,A,21657.14000000,0.00096000
1676328824,A,21657.25000000,0.05848000
1676328824,A,21657.37000000,0.06000000
1676328824,A,21657.43000000,0.11545000
1676328824,A,21657.44000000,0.27290000
1676328824,A,21657.48000000,0.00135000
1676328824,A,21657.58000000,0.00067000
1676328824,A,21657.69000000,0.00100000
1676328824,A,21657.79000000,0.30940000
1676328824,A,21657.80000000,0.31384000
1676328824,A,21657.81000000,0.27983000
1676328825,B,21656.05000000,0.00100000
1676328825,B,21655.88000000,0.00100000
1676328825,B,21655.80000000,0.00070000
1676328825,B,21655.62000000,0.00067000
1676328825,B,21655.57000000,0.00100000
1676328825,B,21655.56000000,0.00100000
1676328825,B,21655.52000000,0.00100000
1676328825,B,21655.51000000,0.00100000
1676328825,B,21655.50000000,0.00100000
1676328825,B,21655.49000000,0.00100000
1676328825,B,21655.48000000,0.09335000
1676328825,B,21655.47000000,0.04619000
1676328825,B,21655.46000000,0.09335000
1676328825,B,21655.44000000,0.25258000
1676328825,B,21655.43000000,0.00100000
1676328825,B,21655.42000000,0.04000000
1676328825,B,21655.41000000,0.32324000
1676328825,B,21655.40000000,0.33644000
1676328825,B,21655.39000000,0.08945000
1676328825,B,21655.38000000,0.00070000
1676328825,A,21656.42000000,0.00294000
1676328825,A,21656.45000000,0.02620000
1676328825,A,21656.46000000,0.04000000
1676328825,A,21656.62000000,0.04800000
1676328825,A,21656.64000000,0.00070000
1676328825,A,21656.87000000,0.06236000
1676328825,A,21656.88000000,0.12714000
1676328825,A,21656.90000000,0.13806000
1676328825,A,21656.92000000,0.00100000
1676328825,A,21656.93000000,0.02351000
1676328825,A,21656.94000000,0.00526000
1676328825,A,21656.96000000,0.11545000
1676328825,A,21656.97000000,0.08099000
1676328825,A,21656.99000000,0.00047000
1676328825,A,21657.00000000,0.00355000
1676328825,A,21657.04000000,0.01315000
1676328825,A,21657.05000000,0.28083000
1676328825,A,21657.06000000,0.23928000
1676328825,A,21657.09000000,0.00214000
1676328825,A,21657.10000000,0.11545000
1676328826,B,21655.94000000,0.00047000
1676328826,B,21655.83000000,0.00165000
1676328826,B,21655.82000000,0.00100000
1676328826,B,21655.80000000,0.00070000
1676328826,B,21655.74000000,0.00200000
1676328826,B,21655.73000000,0.00300000
1676328826,B,21655.72000000,0.00200000
1676328826,B,21655.71000000,0.00100000
1676328826,B,21655.70000000,0.00100000
1676328826,B,21655.68000000,0.00100000
1676328826,B,21655.66000000,0.16452000
1676328826,B,21655.65000000,0.03541000
1676328826,B,21655.64000000,0.01800000
1676328826,B,21655.62000000,0.32804000
1676328826,B,21655.55000000,0.00100000
1676328826,B,21655.50000000,0.00100000
1676328826,B,21655.44000000,0.00300000
1676328826,B,21655.43000000,0.04950000
1676328826,B,21655.42000000,0.04000000
1676328826,B,21655.38000000,0.09305000
1676328826,A,21656.58000000,0.02239000
1676328826,A,21656.59000000,0.09339000
1676328826,A,21656.61000000,0.18594000
1676328826,A,21656.64000000,0.01070000
1676328826,A,21656.80000000,0.06236000
1676328826,A,21656.82000000,0.00100000
1676328826,A,21656.88000000,0.14540000
1676328826,A,21656.89000000,0.00355000
1676328826,A,21656.92000000,0.00100000
1676328826,A,21656.93000000,0.00265000
1676328826,A,21656.94000000,0.00200000
1676328826,A,21656.96000000,0.11545000
1676328826,A,21656.97000000,0.21893000
1676328826,A,21657.04000000,0.01000000
1676328826,A,21657.05000000,0.28083000
1676328826,A,21657.06000000,0.23928000
1676328826,A,21657.09000000,0.00529000
1676328826,A,21657.10000000,0.11545000
1676328826,A,21657.12000000,0.02000000
1676328826,A,21657.17000000,0.31703000
1676328827,B,21655.08000000,0.04911000
1676328827,B,21655.06000000,0.04100000
1676328827,B,21655.00000000,0.16182000
1676328827,B,21654.82000000,0.01262000
1676328827,B,21654.69000000,0.00600000
1676328827,B,21654.68000000,0.05717000
1676328827,B,21654.66000000,0.00100000
1676328827,B,21654.64000000,0.00067000
1676328827,B,21654.60000000,0.01000000
1676328827,B,21654.51000000,0.00100000
1676328827,B,21654.47000000,0.01000000
1676328827,B,21654.44000000,0.16162000
1676328827,B,21654.41000000,0.09236000
1676328827,B,21654.39000000,0.10842000
1676328827,B,21654.37000000,0.09236000
1676328827,B,21654.28000000,0.09336000
1676328827,B,21654.27000000,0.24479000
1676328827,B,21654.26000000,0.27798000
1676328827,B,21654.25000000,0.10000000
1676328827,B,21654.24000000,0.04808000
1676328827,A,21655.27000000,0.07377000
1676328827,A,21655.28000000,0.00065000
1676328827,A,21655.41000000,0.00060000
1676328827,A,21655.83000000,0.00065000
1676328827,A,21655.84000000,0.10772000
1676328827,A,21655.85000000,0.16161000
1676328827,A,21655.86000000,0.32322000
1676328827,A,21655.90000000,0.65600000
1676328827,A,21655.97000000,0.11545000
1676328827,A,21656.00000000,0.04000000
1676328827,A,21656.05000000,0.00100000
1676328827,A,21656.09000000,0.09236000
1676328827,A,21656.22000000,0.00170000
1676328827,A,21656.26000000,0.13759000
1676328827,A,21656.38000000,0.00165000
1676328827,A,21656.39000000,0.00750000
1676328827,A,21656.42000000,0.13408000
1676328827,A,21656.43000000,0.27705000
1676328827,A,21656.48000000,0.00100000
1676328827,A,21656.49000000,0.00100000
1676328828,B,21655.40000000,0.00911000
1676328828,B,21655.38000000,0.00235000
1676328828,B,21655.10000000,0.00047000
1676328828,B,21655.09000000,0.02782000
1676328828,B,21655.08000000,0.04000000
1676328828,B,21655.06000000,0.04000000
1676328828,B,21655.00000000,0.16182000
1676328828,B,21654.96000000,0.00070000
1676328828,B,21654.82000000,0.01262000
1676328828,B,21654.77000000,0.00084000
1676328828,B,21654.76000000,0.00100000
1676328828,B,21654.73000000,0.00065000
1676328828,B,21654.64000000,0.00067000
1676328828,B,21654.60000000,0.01000000
1676328828,B,21654.55000000,0.00750000
1676328828,B,21654.54000000,0.00070000
1676328828,B,21654.48000000,0.03860000
1676328828,B,21654.47000000,0.01000000
1676328828,B,21654.43000000,0.16162000
1676328828,B,21654.42000000,0.34502000
1676328828,A,21655.60000000,0.00100000
1676328828,A,21655.73000000,0.00100000
1676328828,A,21655.82000000,0.00047000
1676328828,A,21655.83000000,0.00165000
1676328828,A,21655.95000000,0.00355000
1676328828,A,21655.96000000,0.15788000
1676328828,A,21655.97000000,0.11545000
1676328828,A,21656.02000000,0.00100000
1676328828,A,21656.05000000,0.00100000
1676328828,A,21656.09000000,0.00100000
1676328828,A,21656.11000000,0.00100000
1676328828,A,21656.12000000,0.00500000
1676328828,A,21656.13000000,0.04770000
1676328828,A,21656.14000000,0.37418000
1676328828,A,21656.15000000,0.32322000
1676328828,A,21656.16000000,0.32322000
1676328828,A,21656.19000000,0.16161000
1676328828,A,21656.20000000,0.00600000
1676328828,A,21656.21000000,0.23858000
1676328828,A,21656.22000000,0.00070000
1676328829,B,21654.68000000,0.24643000
1676328829,B,21654.64000000,0.00067000
1676328829,B,21654.60000000,0.01000000
1676328829,B,21654.54000000,0.00070000
1676328829,B,21654.47000000,0.01000000
1676328829,B,21654.44000000,0.00100000
1676328829,B,21654.39000000,0.00069000
1676328829,B,21654.27000000,0.03856000
1676328829,B,21654.26000000,0.14936000
1676328829,B,21654.25000000,0.10000000
1676328829,B,21654.24000000,0.04808000
1676328829,B,21654.20000000,0.18472000
1676328829,B,21654.18000000,0.00815000
1676328829,B,21654.12000000,0.00070000
1676328829,B,21654.01000000,0.04000000
1676328829,B,21654.00000000,0.03786000
1676328829,B,21653.97000000,0.00050000
1676328829,B,21653.95000000,0.01277000
1676328829,B,21653.94000000,0.00315000
1676328829,B,21653.91000000,0.00235000
1676328829,A,21655.28000000,0.04818000
1676328829,A,21655.38000000,0.00070000
1676328829,A,21655.42000000,0.00100000
1676328829,A,21655.53000000,0.00100000
1676328829,A,21655.56000000,0.00100000
1676328829,A,21655.63000000,0.00100000
1676328829,A,21655.68000000,0.00150000
1676328829,A,21655.69000000,0.00100000
1676328829,A,21655.70000000,0.13701000
1676328829,A,21655.71000000,0.16162000
1676328829,A,21655.73000000,0.00100000
1676328829,A,21655.74000000,0.27983000
1676328829,A,21655.75000000,0.25397000
1676328829,A,21655.77000000,0.30683000
1676328829,A,21655.78000000,0.28628000
1676328829,A,21655.79000000,0.27035000
1676328829,A,21655.80000000,0.00170000
1676328829,A,21655.81000000,0.16262000
1676328829,A,21655.82000000,0.00104000
1676328829,A,21655.83000000,0.16227000
1676328830,B,21654.69000000,0.00230000
1676328830,B,21654.54000000,0.00070000
1676328830,B,21654.51000000,0.02645000
1676328830,B,21654.50000000,0.03856000
1676328830,B,21654.48000000,0.02286000
1676328830,B,21654.47000000,0.00887000
1676328830,B,21654.44000000,0.00100000
1676328830,B,21654.39000000,0.00069000
1676328830,B,21654.26000000,0.23250000
1676328830,B,21654.25000000,0.10000000
1676328830,B,21654.24000000,0.04808000
1676328830,B,21654.18000000,0.00065000
1676328830,B,21654.12000000,0.00070000
1676328830,B,21654.04000000,0.00750000
1676328830,B,21654.01000000,0.04000000
1676328830,B,21654.00000000,0.03786000
1676328830,B,21653.97000000,0.00050000
1676328830,B,21653.95000000,0.01277000
1676328830,B,21653.91000000,0.00235000
1676328830,B,21653.89000000,0.09236000
1676328830,A,21655.00000000,0.00001000
1676328830,A,21655.26000000,0.00790000
1676328830,A,21655.28000000,0.00018000
1676328830,A,21655.33000000,0.00100000
1676328830,A,21655.38000000,0.00070000
1676328830,A,21655.40000000,0.00100000
1676328830,A,21655.42000000,0.00100000
1676328830,A,21655.43000000,0.00100000
1676328830,A,21655.45000000,0.00100000
1676328830,A,21655.46000000,0.00401000
1676328830,A,21655.47000000,0.00100000
1676328830,A,21655.51000000,0.00199000
1676328830,A,21655.53000000,0.16563000
1676328830,A,21655.54000000,0.00100000
1676328830,A,21655.55000000,0.54441000
1676328830,A,21655.56000000,0.09236000
1676328830,A,21655.57000000,0.10873000
1676328830,A,21655.59000000,0.32524000
1676328830,A,21655.61000000,0.16762000
1676328830,A,21655.62000000,0.16329000
1676328831,B,21653.94000000,0.00100000
1676328831,B,21653.59000000,0.55937000
1676328831,B,21653.58000000,0.06060000
1676328831,B,21653.46000000,0.01000000
1676328831,B,21653.45000000,0.06060000
1676328831,B,21653.41000000,0.00400000
1676328831,B,21653.28000000,0.00070000
1676328831,B,21653.27000000,0.00088000
1676328831,B,21653.25000000,0.06000000
1676328831,B,21653.21000000,1.20045000
1676328831,B,21653.14000000,0.01128000
1676328831,B,21653.11000000,0.08299000
1676328831,B,21653.09000000,0.00214000
1676328831,B,21653.00000000,0.00953000
1676328831,B,21652.99000000,0.00162000
1676328831,B,21652.93000000,0.18473000
1676328831,B,21652.89000000,0.00065000
1676328831,B,21652.86000000,0.00070000
1676328831,B,21652.73000000,0.00072000
1676328831,B,21652.68000000,0.00067000
1676328831,A,21654.06000000,0.00058000
1676328831,A,21654.07000000,0.07000000
1676328831,A,21654.12000000,0.00070000
1676328831,A,21654.18000000,0.00065000
1676328831,A,21654.48000000,0.04950000
1676328831,A,21654.54000000,0.00070000
1676328831,A,21654.64000000,0.00067000
1676328831,A,21654.65000000,0.14539000
1676328831,A,21654.66000000,0.02286000
1676328831,A,21654.67000000,0.01751000
1676328831,A,21654.70000000,0.16162000
1676328831,A,21654.73000000,0.00065000
1676328831,A,21654.75000000,0.14421000
1676328831,A,21654.77000000,0.26935000
1676328831,A,21654.79000000,0.16162000
1676328831,A,21654.81000000,0.16162000
1676328831,A,21654.82000000,0.16162000
1676328831,A,21654.84000000,0.09235000
1676328831,A,21654.85000000,0.01003000
1676328831,A,21654.86000000,0.02959000
1676328832,B,21654.18000000,0.00055000
1676328832,B,21654.17000000,0.10000000
1676328832,B,21653.87000000,0.00911000
1676328832,B,21653.85000000,0.00079000
1676328832,B,21653.70000000,0.00070000
1676328832,B,21653.63000000,0.00316000
1676328832,B,21653.61000000,0.00469000
1676328832,B,21653.60000000,0.05301000
1676328832,B,21653.59000000,0.94210000
1676328832,B,21653.58000000,0.06060000
1676328832,B,21653.46000000,0.01000000
1676328832,B,21653.41000000,0.00400000
1676328832,B,21653.28000000,0.00070000
1676328832,B,21653.27000000,0.00088000
1676328832,B,21653.25000000,0.22163000
1676328832,B,21653.21000000,1.20045000
1676328832,B,21653.14000000,0.01128000
1676328832,B,21653.11000000,0.09049000
1676328832,B,21653.09000000,0.00214000
1676328832,B,21653.00000000,0.00953000
1676328832,A,21654.34000000,0.00433000
1676328832,A,21654.35000000,0.00101000
1676328832,A,21654.36000000,0.01141000
1676328832,A,21654.37000000,0.01000000
1676328832,A,21654.38000000,0.10789000
1676328832,A,21654.39000000,0.23858000
1676328832,A,21654.40000000,0.30998000
1676328832,A,21654.41000000,0.16162000
1676328832,A,21654.42000000,0.09335000
1676328832,A,21654.54000000,0.00070000
1676328832,A,21654.60000000,0.04000000
1676328832,A,21654.63000000,0.00100000
1676328832,A,21654.64000000,0.00067000
1676328832,A,21654.65000000,0.09235000
1676328832,A,21654.66000000,0.02286000
1676328832,A,21654.67000000,0.17913000
1676328832,A,21654.68000000,0.00622000
1676328832,A,21654.69000000,0.27983000
1676328832,A,21654.73000000,0.00065000
1676328832,A,21654.74000000,0.10773000
1676328833,B,21653.99000000,0.00600000
1676328833,B,21653.97000000,0.49886000
1676328833,B,21653.96000000,0.00100000
1676328833,B,21653.85000000,0.00079000
1676328833,B,21653.70000000,0.00070000
1676328833,B,21653.64000000,0.01768000
1676328833,B,21653.63000000,0.05219000
1676328833,B,21653.62000000,0.00300000
1676328833,B,21653.61000000,0.00200000
1676328833,B,21653.59000000,1.08560000
1676328833,B,21653.58000000,0.06060000
1676328833,B,21653.41000000,0.00400000
1676328833,B,21653.28000000,0.00070000
1676328833,B,21653.27000000,0.00088000
1676328833,B,21653.25000000,0.31399000
1676328833,B,21653.23000000,0.00315000
1676328833,B,21653.22000000,0.13860000
1676328833,B,21653.21000000,1.20045000
1676328833,B,21653.14000000,0.01128000
1676328833,B,21653.11000000,0.08299000
1676328833,A,21654.32000000,0.00233000
1676328833,A,21654.47000000,0.04000000
1676328833,A,21654.54000000,0.00070000
1676328833,A,21654.62000000,0.03502000
1676328833,A,21654.63000000,0.06490000
1676328833,A,21654.64000000,0.00267000
1676328833,A,21654.65000000,0.04724000
1676328833,A,21654.66000000,0.02286000
1676328833,A,21654.67000000,0.01851000
1676328833,A,21654.68000000,0.01000000
1676328833,A,21654.69000000,0.27983000
1676328833,A,21654.73000000,0.00165000
1676328833,A,21654.75000000,0.00100000
1676328833,A,21654.79000000,0.09235000
1676328833,A,21654.81000000,0.09235000
1676328833,A,21654.85000000,0.10773000
1676328833,A,21654.87000000,0.30583000
1676328833,A,21654.88000000,0.32324000
1676328833,A,21654.91000000,0.16162000
1676328833,A,21654.95000000,0.16784000
1676328834,B,21653.36000000,0.04000000
1676328834,B,21653.33000000,0.62128000
1676328834,B,21653.31000000,0.00400000
1676328834,B,21653.29000000,0.00200000
1676328834,B,21653.28000000,0.00070000
1676328834,B,21653.22000000,0.01315000
1676328834,B,21653.21000000,1.20045000
1676328834,B,21653.19000000,0.01000000
1676328834,B,21653.14000000,0.01128000
1676328834,B,21653.11000000,0.08299000
1676328834,B,21653.00000000,0.00953000
1676328834,B,21652.99000000,0.00162000
1676328834,B,21652.89000000,0.00065000
1676328834,B,21652.86000000,0.00820000
1676328834,B,21652.73000000,0.00072000
1676328834,B,21652.68000000,0.00067000
1676328834,B,21652.63000000,0.00051000
1676328834,B,21652.61000000,0.06060000
1676328834,B,21652.55000000,0.17000000
1676328834,B,21652.47000000,0.00223000
1676328834,A,21653.70000000,0.00003000
1676328834,A,21653.84000000,0.00100000
1676328834,A,21653.87000000,0.00200000
1676328834,A,21653.93000000,0.08126000
1676328834,A,21653.94000000,0.09235000
1676328834,A,21653.96000000,0.09235000
1676328834,A,21653.98000000,0.04950000
1676328834,A,21654.02000000,0.26936000
1676328834,A,21654.04000000,0.30585000
1676328834,A,21654.06000000,0.32326000
1676328834,A,21654.08000000,0.16163000
1676328834,A,21654.12000000,0.16233000
1676328834,A,21654.15000000,0.03195000
1676328834,A,21654.17000000,0.27983000
1676328834,A,21654.18000000,0.03819000
1676328834,A,21654.19000000,0.00101000
1676328834,A,21654.20000000,0.01240000
1676328834,A,21654.21000000,0.00100000
1676328834,A,21654.31000000,0.00047000
1676328834,A,21654.32000000,0.00233000
1676328835,B,21653.22000000,0.47615000
1676328835,B,21653.21000000,1.20445000
1676328835,B,21653.19000000,0.01000000
1676328835,B,21653.15000000,0.00315000
1676328835,B,21653.14000000,0.01128000
1676328835,B,21653.11000000,0.08299000
1676328835,B,21653.08000000,0.00065000
1676328835,B,21653.00000000,0.00953000
1676328835,B,21652.99000000,0.00162000
1676328835,B,21652.89000000,0.00065000
1676328835,B,21652.86000000,0.00070000
1676328835,B,21652.73000000,0.00072000
1676328835,B,21652.68000000,0.00067000
1676328835,B,21652.63000000,0.00051000
1676328835,B,21652.61000000,0.06060000
1676328835,B,21652.56000000,0.00584000
1676328835,B,21652.55000000,0.17000000
1676328835,B,21652.53000000,0.00065000
1676328835,B,21652.50000000,0.00750000
1676328835,B,21652.47000000,0.00223000
1676328835,A,21653.61000000,0.00047000
1676328835,A,21653.66000000,0.00527000
1676328835,A,21653.70000000,0.00512000
1676328835,A,21653.77000000,0.00100000
1676328835,A,21653.81000000,0.00485000
1676328835,A,21653.82000000,0.00707000
1676328835,A,21653.83000000,0.12937000
1676328835,A,21653.84000000,0.00100000
1676328835,A,21653.85000000,0.00100000
1676328835,A,21653.86000000,0.09235000
1676328835,A,21653.87000000,0.00100000
1676328835,A,21653.88000000,0.09235000
1676328835,A,21653.89000000,0.08794000
1676328835,A,21653.95000000,0.14422000
1676328835,A,21653.96000000,0.16163000
1676328835,A,21653.98000000,0.08950000
1676328835,A,21653.99000000,0.16163000
1676328835,A,21654.01000000,0.16163000
1676328835,A,21654.02000000,0.43099000
1676328835,A,21654.12000000,0.00070000
1676328836,B,21653.32000000,0.09076000
1676328836,B,21653.31000000,0.16191000
1676328836,B,21653.28000000,0.04870000
1676328836,B,21653.24000000,0.00200000
1676328836,B,21653.23000000,0.11611000
1676328836,B,21653.22000000,0.69546000
1676328836,B,21653.21000000,1.20445000
1676328836,B,21653.19000000,0.01000000
1676328836,B,21653.14000000,0.01128000
1676328836,B,21653.11000000,0.08299000
1676328836,B,21653.08000000,0.00065000
1676328836,B,21653.00000000,0.00953000
1676328836,B,21652.99000000,0.00162000
1676328836,B,21652.91000000,0.41558000
1676328836,B,21652.89000000,0.00065000
1676328836,B,21652.86000000,0.00070000
1676328836,B,21652.81000000,0.04000000
1676328836,B,21652.73000000,0.00072000
1676328836,B,21652.68000000,0.16231000
1676328836,B,21652.64000000,0.16164000
1676328836,A,21653.93000000,0.06841000
1676328836,A,21653.99000000,0.16163000
1676328836,A,21654.02000000,0.16363000
1676328836,A,21654.09000000,0.09235000
1676328836,A,21654.11000000,0.10773000
1676328836,A,21654.12000000,0.00070000
1676328836,A,21654.13000000,0.16163000
1676328836,A,21654.14000000,0.14422000
1676328836,A,21654.15000000,0.03195000
1676328836,A,21654.17000000,0.27983000
1676328836,A,21654.18000000,0.03819000
1676328836,A,21654.19000000,0.16264000
1676328836,A,21654.20000000,0.01190000
1676328836,A,21654.29000000,0.13638000
1676328836,A,21654.32000000,0.01733000
1676328836,A,21654.36000000,0.01500000
1676328836,A,21654.41000000,0.70223000
1676328836,A,21654.42000000,0.11546000
1676328836,A,21654.45000000,0.00214000
1676328836,A,21654.50000000,0.09858000
1676328837,B,21653.45000000,0.00047000
1676328837,B,21653.43000000,0.01014000
1676328837,B,21653.33000000,0.10200000
1676328837,B,21653.31000000,0.12810000
1676328837,B,21653.30000000,0.00100000
1676328837,B,21653.28000000,0.00070000
1676328837,B,21653.26000000,0.00100000
1676328837,B,21653.23000000,0.11564000
1676328837,B,21653.22000000,0.69861000
1676328837,B,21653.21000000,1.20445000
1676328837,B,21653.19000000,0.01000000
1676328837,B,21653.14000000,0.01128000
1676328837,B,21653.11000000,0.08299000
1676328837,B,21653.08000000,0.00065000
1676328837,B,21653.00000000,0.00953000
1676328837,B,21652.99000000,0.00162000
1676328837,B,21652.89000000,0.41623000
1676328837,B,21652.86000000,0.00070000
1676328837,B,21652.73000000,0.00072000
1676328837,B,21652.68000000,0.00067000
1676328837,A,21653.69000000,0.00055000
1676328837,A,21653.81000000,0.00485000
1676328837,A,21653.90000000,0.00047000
1676328837,A,21653.95000000,0.00100000
1676328837,A,21654.04000000,0.00100000
1676328837,A,21654.09000000,0.00100000
1676328837,A,21654.10000000,0.01929000
1676328837,A,21654.11000000,0.15788000
1676328837,A,21654.12000000,0.00070000
1676328837,A,21654.13000000,0.09235000
1676328837,A,21654.15000000,0.03195000
1676328837,A,21654.16000000,0.16163000
1676328837,A,21654.17000000,0.27983000
1676328837,A,21654.18000000,0.03819000
1676328837,A,21654.19000000,0.10874000
1676328837,A,21654.20000000,0.48489000
1676328837,A,21654.22000000,0.46748000
1676328837,A,21654.23000000,0.16163000
1676328837,A,21654.24000000,0.04000000
1676328837,A,21654.28000000,0.00123000
1676328838,B,21652.86000000,0.00070000
1676328838,B,21652.73000000,0.00072000
1676328838,B,21652.71000000,0.02229000
1676328838,B,21652.70000000,0.05789000
1676328838,B,21652.69000000,1.20073000
1676328838,B,21652.68000000,0.00067000
1676328838,B,21652.63000000,0.00051000
1676328838,B,21652.61000000,0.06060000
1676328838,B,21652.55000000,0.17000000
1676328838,B,21652.53000000,0.00065000
1676328838,B,21652.51000000,0.00750000
1676328838,B,21652.44000000,0.00070000
1676328838,B,21652.41000000,0.56638000
1676328838,B,21652.39000000,0.00051000
1676328838,B,21652.27000000,0.11674000
1676328838,B,21652.26000000,0.09424000
1676328838,B,21652.25000000,0.16164000
1676328838,B,21652.23000000,0.16164000
1676328838,B,21652.22000000,0.11545000
1676328838,B,21652.21000000,0.04695000
1676328838,A,21653.32000000,0.00053000
1676328838,A,21653.39000000,0.00100000
1676328838,A,21653.42000000,0.00200000
1676328838,A,21653.48000000,0.00850000
1676328838,A,21653.49000000,0.18016000
1676328838,A,21653.52000000,0.00355000
1676328838,A,21653.53000000,0.16163000
1676328838,A,21653.54000000,0.60624000
1676328838,A,21653.55000000,0.32326000
1676328838,A,21653.56000000,0.15044000
1676328838,A,21653.57000000,0.04222000
1676328838,A,21653.60000000,0.14192000
1676328838,A,21653.61000000,0.03572000
1676328838,A,21653.63000000,0.00065000
1676328838,A,21653.68000000,0.00094000
1676328838,A,21653.70000000,0.00070000
1676328838,A,21653.81000000,0.00485000
1676328838,A,21653.92000000,0.09237000
1676328838,A,21653.93000000,0.01000000
1676328838,A,21653.96000000,0.00100000
1676328839,B,21651.43000000,0.00065000
1676328839,B,21651.18000000,0.00070000
1676328839,B,21651.02000000,0.00699000
1676328839,B,21651.01000000,0.01760000
1676328839,B,21651.00000000,0.79771000
1676328839,B,21650.93000000,0.00100000
1676328839,B,21650.91000000,0.06150000
1676328839,B,21650.88000000,0.00065000
1676328839,B,21650.77000000,0.06000000
1676328839,B,21650.75000000,0.02100000
1676328839,B,21650.74000000,0.04000000
1676328839,B,21650.72000000,0.00067000
1676328839,B,21650.62000000,0.16165000
1676328839,B,21650.59000000,0.16165000
1676328839,B,21650.52000000,0.01200000
1676328839,B,21650.44000000,0.18528000
1676328839,B,21650.39000000,0.00090000
1676328839,B,21650.36000000,0.00248000
1676328839,B,21650.33000000,0.00065000
1676328839,B,21650.27000000,0.06080000
1676328839,A,21651.87000000,0.10108000
1676328839,A,21651.90000000,0.03783000
1676328839,A,21651.91000000,0.00911000
1676328839,A,21651.94000000,0.02831000
1676328839,A,21651.99000000,0.15047000
1676328839,A,21652.02000000,0.00070000
1676328839,A,21652.05000000,0.00100000
1676328839,A,21652.17000000,0.13822000
1676328839,A,21652.18000000,0.11009000
1676328839,A,21652.20000000,0.32328000
1676328839,A,21652.21000000,0.16164000
1676328839,A,21652.25000000,0.16164000
1676328839,A,21652.30000000,0.24655000
1676328839,A,21652.37000000,0.13603000
1676328839,A,21652.42000000,0.16164000
1676328839,A,21652.44000000,0.00070000
1676328839,A,21652.45000000,0.01000000
1676328839,A,21652.47000000,0.11547000
1676328839,A,21652.53000000,0.00065000
1676328839,A,21652.61000000,0.47999000
1676328840,B,21650.49000000,0.02782000
1676328840,B,21650.48000000,0.07902000
1676328840,B,21650.44000000,0.00053000
1676328840,B,21650.39000000,0.00090000
1676328840,B,21650.36000000,0.00248000
1676328840,B,21650.33000000,0.00065000
1676328840,B,21650.27000000,0.06080000
1676328840,B,21650.11000000,0.00572000
1676328840,B,21650.00000000,0.29732000
1676328840,B,21649.99000000,0.03000000
1676328840,B,21649.95000000,0.00263000
1676328840,B,21649.88000000,0.00315000
1676328840,B,21649.87000000,1.20076000
1676328840,B,21649.81000000,0.06000000
1676328840,B,21649.78000000,0.00065000
1676328840,B,21649.74000000,0.00067000
1676328840,B,21649.73000000,0.00750000
1676328840,B,21649.53000000,0.00100000
1676328840,B,21649.39000000,0.01380000
1676328840,B,21649.32000000,0.11547000
1676328840,A,21651.01000000,0.00055000
1676328840,A,21651.42000000,0.11754000
1676328840,A,21651.43000000,0.00153000
1676328840,A,21651.48000000,0.18474000
1676328840,A,21651.49000000,0.09237000
1676328840,A,21651.53000000,0.09437000
1676328840,A,21651.55000000,0.15194000
1676328840,A,21651.56000000,0.14831000
1676328840,A,21651.60000000,0.00070000
1676328840,A,21651.70000000,0.00067000
1676328840,A,21651.79000000,0.24655000
1676328840,A,21651.91000000,0.11547000
1676328840,A,21651.98000000,0.16190000
1676328840,A,21651.99000000,0.11834000
1676328840,A,21652.02000000,0.00443000
1676328840,A,21652.05000000,0.00100000
1676328840,A,21652.13000000,0.27705000
1676328840,A,21652.14000000,0.00100000
1676328840,A,21652.23000000,0.01807000
1676328840,A,21652.31000000,0.00800000
1676328841,B,21650.06000000,0.00060000
1676328841,B,21650.01000000,0.02368000
1676328841,B,21650.00000000,4.84444000
1676328841,B,21649.95000000,0.00263000
1676328841,B,21649.92000000,0.00070000
1676328841,B,21649.89000000,0.00200000
1676328841,B,21649.87000000,1.20076000
1676328841,B,21649.78000000,0.00065000
1676328841,B,21649.74000000,0.00067000
1676328841,B,21649.54000000,0.06000000
1676328841,B,21649.53000000,0.00100000
1676328841,B,21649.50000000,0.00070000
1676328841,B,21649.39000000,0.01380000
1676328841,B,21649.30000000,0.00269000
1676328841,B,21649.23000000,0.00065000
1676328841,B,21649.09000000,0.73397000
1676328841,B,21649.08000000,0.11617000
1676328841,B,21649.04000000,0.74954000
1676328841,B,21649.03000000,0.00078000
1676328841,B,21649.00000000,0.04822000
1676328841,A,21650.43000000,0.00091000
1676328841,A,21650.78000000,0.00151000
1676328841,A,21650.81000000,0.09237000
1676328841,A,21650.82000000,0.04006000
1676328841,A,21650.84000000,0.00600000
1676328841,A,21650.87000000,0.09635000
1676328841,A,21650.88000000,0.00065000
1676328841,A,21650.89000000,0.00707000
1676328841,A,21650.90000000,0.33014000
1676328841,A,21650.91000000,0.10775000
1676328841,A,21650.93000000,0.04885000
1676328841,A,21651.01000000,0.16220000
1676328841,A,21651.02000000,0.00100000
1676328841,A,21651.05000000,0.00270000
1676328841,A,21651.07000000,0.15422000
1676328841,A,21651.09000000,0.16165000
1676328841,A,21651.11000000,0.16165000
1676328841,A,21651.14000000,0.16165000
1676328841,A,21651.19000000,0.16165000
1676328841,A,21651.23000000,0.24655000
1676328842,B,21649.23000000,0.00065000
1676328842,B,21649.08000000,0.00070000
1676328842,B,21649.06000000,0.00200000
1676328842,B,21649.03000000,0.00078000
1676328842,B,21649.00000000,0.04822000
1676328842,B,21648.99000000,0.00077000
1676328842,B,21648.86000000,0.00239000
1676328842,B,21648.84000000,0.06060000
1676328842,B,21648.83000000,0.01500000
1676328842,B,21648.76000000,0.41625000
1676328842,B,21648.68000000,0.00065000
1676328842,B,21648.66000000,0.16236000
1676328842,B,21648.51000000,0.00266000
1676328842,B,21648.50000000,0.06000000
1676328842,B,21648.25000000,0.00126000
1676328842,B,21648.24000000,0.01570000
1676328842,B,21648.21000000,0.01194000
1676328842,B,21648.18000000,0.01489000
1676328842,B,21648.14000000,0.00321000
1676328842,B,21648.13000000,0.00065000
1676328842,A,21649.78000000,0.09114000
1676328842,A,21650.10000000,0.02798000
1676328842,A,21650.12000000,0.00101000
1676328842,A,21650.13000000,0.09305000
1676328842,A,21650.14000000,0.14540000
1676328842,A,21650.15000000,0.11890000
1676328842,A,21650.16000000,0.32332000
1676328842,A,21650.17000000,0.24655000
1676328842,A,21650.18000000,0.14422000
1676328842,A,21650.20000000,0.54371000
1676328842,A,21650.21000000,0.76092000
1676328842,A,21650.22000000,0.16166000
1676328842,A,21650.25000000,0.16166000
1676328842,A,21650.27000000,0.17873000
1676328842,A,21650.28000000,0.16165000
1676328842,A,21650.32000000,0.13868000
1676328842,A,21650.33000000,0.00065000
1676328842,A,21650.34000000,0.00443000
1676328842,A,21650.35000000,0.02386000
1676328842,A,21650.36000000,0.11548000
1676328843,B,21648.93000000,0.00055000
1676328843,B,21648.89000000,0.03046000
1676328843,B,21648.88000000,0.01289000
1676328843,B,21648.87000000,0.11564000
1676328843,B,21648.86000000,0.00339000
1676328843,B,21648.85000000,0.01065000
1676328843,B,21648.84000000,0.06060000
1676328843,B,21648.76000000,0.00067000
1676328843,B,21648.71000000,0.00200000
1676328843,B,21648.68000000,0.00065000
1676328843,B,21648.67000000,0.01365000
1676328843,B,21648.66000000,0.41628000
1676328843,B,21648.52000000,0.00700000
1676328843,B,21648.51000000,0.00164000
1676328843,B,21648.50000000,0.06000000
1676328843,B,21648.38000000,0.03000000
1676328843,B,21648.35000000,0.00100000
1676328843,B,21648.34000000,0.00100000
1676328843,B,21648.26000000,0.00100000
1676328843,B,21648.25000000,0.00100000
1676328843,A,21649.50000000,0.00001000
1676328843,A,21649.64000000,0.19066000
1676328843,A,21649.65000000,0.00707000
1676328843,A,21649.74000000,0.01000000
1676328843,A,21649.76000000,0.00398000
1676328843,A,21649.77000000,0.00170000
1676328843,A,21649.78000000,0.09179000
1676328843,A,21649.92000000,0.00070000
1676328843,A,21649.93000000,0.38689000
1676328843,A,21649.94000000,0.09237000
1676328843,A,21649.96000000,0.16433000
1676328843,A,21649.97000000,0.19667000
1676328843,A,21649.98000000,0.10775000
1676328843,A,21649.99000000,0.16166000
1676328843,A,21650.01000000,0.46754000
1676328843,A,21650.04000000,0.00100000
1676328843,A,21650.05000000,0.00100000
1676328843,A,21650.07000000,0.00100000
1676328843,A,21650.08000000,0.00199000
1676328843,A,21650.10000000,0.02798000
1676328844,B,21649.00000000,0.02782000
1676328844,B,21648.99000000,0.04800000
1676328844,B,21648.95000000,0.01647000
1676328844,B,21648.87000000,0.00047000
1676328844,B,21648.80000000,0.00100000
1676328844,B,21648.73000000,0.00100000
1676328844,B,21648.72000000,0.02475000
1676328844,B,21648.71000000,0.00600000
1676328844,B,21648.70000000,0.05000000
1676328844,B,21648.69000000,0.41558000
1676328844,B,21648.68000000,0.00065000
1676328844,B,21648.66000000,0.00070000
1676328844,B,21648.51000000,0.00164000
1676328844,B,21648.46000000,0.09238000
1676328844,B,21648.36000000,0.16267000
1676328844,B,21648.35000000,0.09238000
1676328844,B,21648.34000000,0.34269000
1676328844,B,21648.33000000,0.09238000
1676328844,B,21648.32000000,0.08001000
1676328844,B,21648.27000000,0.00600000
1676328844,A,21649.25000000,0.00055000
1676328844,A,21649.27000000,0.00047000
1676328844,A,21649.41000000,0.00140000
1676328844,A,21649.49000000,0.00431000
1676328844,A,21649.50000000,0.01866000
1676328844,A,21649.64000000,0.00969000
1676328844,A,21649.70000000,0.03742000
1676328844,A,21649.71000000,0.09814000
1676328844,A,21649.74000000,0.01067000
1676328844,A,21649.76000000,0.04885000
1676328844,A,21649.77000000,0.00170000
1676328844,A,21649.78000000,0.00065000
1676328844,A,21649.83000000,0.00315000
1676328844,A,21649.88000000,0.24655000
1676328844,A,21649.89000000,0.41441000
1676328844,A,21649.91000000,0.14540000
1676328844,A,21649.92000000,0.11817000
1676328844,A,21650.03000000,0.14615000
1676328844,A,21650.04000000,0.11548000
1676328844,A,21650.05000000,0.00100000
1676328845,B,21648.97000000,0.00911000
1676328845,B,21648.95000000,0.01506000
1676328845,B,21648.72000000,0.00100000
1676328845,B,21648.71000000,0.00100000
1676328845,B,21648.68000000,0.00065000
1676328845,B,21648.66000000,0.00070000
1676328845,B,21648.64000000,0.41558000
1676328845,B,21648.51000000,0.00264000
1676328845,B,21648.50000000,0.03346000
1676328845,B,21648.49000000,0.01722000
1676328845,B,21648.43000000,0.00203000
1676328845,B,21648.42000000,0.00895000
1676328845,B,21648.41000000,0.00600000
1676328845,B,21648.39000000,0.16267000
1676328845,B,21648.38000000,0.08001000
1676328845,B,21648.33000000,0.14426000
1676328845,B,21648.24000000,0.09308000
1676328845,B,21648.21000000,0.01194000
1676328845,B,21648.18000000,0.00200000
1676328845,B,21648.14000000,0.00321000
1676328845,A,21649.49000000,0.00078000
1676328845,A,21649.50000000,0.01866000
1676328845,A,21649.59000000,0.09356000
1676328845,A,21649.60000000,0.09814000
1676328845,A,21649.62000000,0.00355000
1676328845,A,21649.64000000,0.00969000
1676328845,A,21649.66000000,0.09237000
1676328845,A,21649.68000000,0.09247000
1676328845,A,21649.72000000,0.00398000
1676328845,A,21649.74000000,0.34559000
1676328845,A,21649.75000000,0.13990000
1676328845,A,21649.78000000,0.00065000
1676328845,A,21649.88000000,0.16166000
1676328845,A,21649.91000000,0.14540000
1676328845,A,21649.92000000,0.11618000
1676328845,A,21649.99000000,0.00315000
1676328845,A,21650.00000000,0.01160000
1676328845,A,21650.02000000,0.60992000
1676328845,A,21650.04000000,0.11548000
1676328845,A,21650.05000000,0.00100000
1676328846,B,21649.08000000,0.00451000
1676328846,B,21648.99000000,0.02782000
1676328846,B,21648.98000000,0.10192000
1676328846,B,21648.95000000,0.01506000
1676328846,B,21648.91000000,0.00200000
1676328846,B,21648.90000000,0.00795000
1676328846,B,21648.89000000,0.41558000
1676328846,B,21648.68000000,0.00065000
1676328846,B,21648.66000000,0.00070000
1676328846,B,21648.62000000,0.10776000
1676328846,B,21648.59000000,0.09238000
1676328846,B,21648.57000000,0.09238000
1676328846,B,21648.54000000,0.16167000
1676328846,B,21648.53000000,0.40334000
1676328846,B,21648.52000000,0.15025000
1676328846,B,21648.51000000,0.00164000
1676328846,B,21648.49000000,0.00100000
1676328846,B,21648.46000000,0.03000000
1676328846,B,21648.41000000,0.00100000
1676328846,B,21648.36000000,0.00100000
1676328846,A,21649.49000000,0.00297000
1676328846,A,21649.62000000,0.00100000
1676328846,A,21649.64000000,0.00969000
1676328846,A,21649.74000000,0.01067000
1676328846,A,21649.78000000,0.00065000
1676328846,A,21649.83000000,0.09356000
1676328846,A,21649.86000000,0.00398000
1676328846,A,21649.88000000,0.00100000
1676328846,A,21649.89000000,0.00707000
1676328846,A,21649.90000000,0.14540000
1676328846,A,21649.91000000,0.24655000
1676328846,A,21649.92000000,0.11618000
1676328846,A,21650.00000000,0.13946000
1676328846,A,21650.01000000,0.16481000
1676328846,A,21650.02000000,0.60992000
1676328846,A,21650.04000000,0.11548000
1676328846,A,21650.05000000,0.00100000
1676328846,A,21650.09000000,0.00622000
1676328846,A,21650.10000000,0.10408000
1676328846,A,21650.16000000,0.11548000
1676328847,B,21648.38000000,0.02782000
1676328847,B,21648.37000000,0.07000000
1676328847,B,21648.36000000,0.00911000
1676328847,B,21648.35000000,0.20000000
1676328847,B,21648.34000000,0.04000000
1676328847,B,21648.32000000,0.04911000
1676328847,B,21648.31000000,0.11564000
1676328847,B,21648.24000000,0.00070000
1676328847,B,21648.13000000,0.00065000
1676328847,B,21647.82000000,0.00070000
1676328847,B,21647.78000000,0.00067000
1676328847,B,21647.73000000,0.09238000
1676328847,B,21647.72000000,0.16167000
1676328847,B,21647.69000000,0.00055000
1676328847,B,21647.67000000,0.19831000
1676328847,B,21647.64000000,0.00381000
1676328847,B,21647.58000000,0.00065000
1676328847,B,21647.54000000,0.00100000
1676328847,B,21647.41000000,0.14104000
1676328847,B,21647.40000000,0.05293000
1676328847,A,21648.91000000,0.00622000
1676328847,A,21648.96000000,0.17698000
1676328847,A,21649.05000000,0.00100000
1676328847,A,21649.08000000,0.00070000
1676328847,A,21649.09000000,0.01378000
1676328847,A,21649.10000000,0.02000000
1676328847,A,21649.12000000,0.49346000
1676328847,A,21649.23000000,0.00065000
1676328847,A,21649.24000000,0.04352000
1676328847,A,21649.50000000,0.00070000
1676328847,A,21649.59000000,0.00227000
1676328847,A,21649.73000000,0.16166000
1676328847,A,21649.74000000,0.00067000
1676328847,A,21649.78000000,0.29890000
1676328847,A,21649.79000000,0.15846000
1676328847,A,21649.82000000,0.02286000
1676328847,A,21649.89000000,0.00200000
1676328847,A,21649.90000000,0.02000000
1676328847,A,21649.91000000,0.31356000
1676328847,A,21649.92000000,0.11618000
1676328848,B,21648.28000000,0.00638000
1676328848,B,21648.27000000,0.16167000
1676328848,B,21648.25000000,0.14426000
1676328848,B,21648.24000000,0.00070000
1676328848,B,21648.13000000,0.00065000
1676328848,B,21648.08000000,0.00100000
1676328848,B,21648.05000000,0.00100000
1676328848,B,21647.98000000,0.00100000
1676328848,B,21647.97000000,0.01000000
1676328848,B,21647.96000000,0.00315000
1676328848,B,21647.88000000,0.06096000
1676328848,B,21647.85000000,0.04000000
1676328848,B,21647.82000000,0.00070000
1676328848,B,21647.78000000,0.00689000
1676328848,B,21647.64000000,0.00381000
1676328848,B,21647.60000000,0.09238000
1676328848,B,21647.59000000,0.02896000
1676328848,B,21647.58000000,0.09303000
1676328848,B,21647.51000000,0.02000000
1676328848,B,21647.49000000,0.14016000
1676328848,A,21648.87000000,0.00817000
1676328848,A,21648.89000000,0.00055000
1676328848,A,21649.03000000,0.16014000
1676328848,A,21649.04000000,0.04819000
1676328848,A,21649.08000000,0.00070000
1676328848,A,21649.09000000,0.00982000
1676328848,A,21649.23000000,0.00065000
1676328848,A,21649.24000000,0.04352000
1676328848,A,21649.39000000,0.09237000
1676328848,A,21649.45000000,0.16166000
1676328848,A,21649.46000000,0.16166000
1676328848,A,21649.50000000,0.01220000
1676328848,A,21649.57000000,0.03860000
1676328848,A,21649.58000000,0.14540000
1676328848,A,21649.59000000,0.00227000
1676328848,A,21649.64000000,0.00200000
1676328848,A,21649.65000000,0.00100000
1676328848,A,21649.67000000,0.00868000
1676328848,A,21649.68000000,0.00100000
1676328848,A,21649.69000000,0.00100000
1676328849,B,21647.53000000,0.00911000
1676328849,B,21647.51000000,0.00100000
1676328849,B,21647.43000000,0.06661000
1676328849,B,21647.40000000,0.00070000
1676328849,B,21647.28000000,0.00063000
1676328849,B,21647.25000000,0.00165000
1676328849,B,21647.24000000,0.00793000
1676328849,B,21647.23000000,0.00622000
1676328849,B,21647.16000000,0.00100000
1676328849,B,21647.15000000,0.00700000
1676328849,B,21647.14000000,0.24978000
1676328849,B,21647.08000000,0.00230000
1676328849,B,21647.05000000,0.00100000
1676328849,B,21647.03000000,0.00167000
1676328849,B,21646.98000000,0.00070000
1676328849,B,21646.97000000,0.01500000
1676328849,B,21646.95000000,0.16168000
1676328849,B,21646.92000000,0.13110000
1676328849,B,21646.91000000,1.20092000
1676328849,B,21646.80000000,0.00067000
1676328849,A,21648.08000000,0.01043000
1676328849,A,21648.13000000,0.12070000
1676328849,A,21648.14000000,0.06179000
1676328849,A,21648.17000000,0.00100000
1676328849,A,21648.18000000,0.00200000
1676328849,A,21648.24000000,0.00070000
1676328849,A,21648.27000000,0.03042000
1676328849,A,21648.28000000,0.00753000
1676328849,A,21648.29000000,0.21401000
1676328849,A,21648.39000000,0.00100000
1676328849,A,21648.48000000,0.00323000
1676328849,A,21648.54000000,0.09238000
1676328849,A,21648.55000000,0.16637000
1676328849,A,21648.56000000,0.09238000
1676328849,A,21648.57000000,0.46330000
1676328849,A,21648.58000000,0.29252000
1676328849,A,21648.60000000,0.48501000
1676328849,A,21648.61000000,0.48501000
1676328849,A,21648.66000000,0.00070000
1676328849,A,21648.68000000,0.00065000
1676328850,B,21647.47000000,0.00717000
1676328850,B,21647.46000000,0.00055000
1676328850,B,21647.44000000,0.00047000
1676328850,B,21647.43000000,0.06761000
1676328850,B,21647.40000000,0.00070000
1676328850,B,21647.28000000,0.00063000
1676328850,B,21647.23000000,0.00622000
1676328850,B,21647.22000000,0.03334000
1676328850,B,21647.08000000,0.00230000
1676328850,B,21647.05000000,0.00100000
1676328850,B,21647.03000000,0.00167000
1676328850,B,21647.00000000,0.00165000
1676328850,B,21646.99000000,0.01493000
1676328850,B,21646.98000000,0.09309000
1676328850,B,21646.97000000,0.01500000
1676328850,B,21646.93000000,0.00100000
1676328850,B,21646.92000000,0.48285000
1676328850,B,21646.91000000,1.20092000
1676328850,B,21646.89000000,0.09239000
1676328850,B,21646.85000000,0.08107000
1676328850,A,21648.00000000,0.00008000
1676328850,A,21648.06000000,0.12105000
1676328850,A,21648.07000000,0.18110000
1676328850,A,21648.08000000,0.00200000
1676328850,A,21648.12000000,0.09246000
1676328850,A,21648.13000000,0.00065000
1676328850,A,21648.16000000,0.00100000
1676328850,A,21648.17000000,0.00600000
1676328850,A,21648.18000000,0.04000000
1676328850,A,21648.21000000,0.00100000
1676328850,A,21648.24000000,0.00070000
1676328850,A,21648.26000000,0.01068000
1676328850,A,21648.27000000,0.00500000
1676328850,A,21648.29000000,0.00079000
1676328850,A,21648.43000000,0.00200000
1676328850,A,21648.45000000,0.00622000
1676328850,A,21648.48000000,0.00323000
1676328850,A,21648.50000000,0.14097000
1676328850,A,21648.51000000,0.09438000
1676328850,A,21648.66000000,0.00070000
1676328851,B,21648.26000000,0.02391000
1676328851,B,21648.24000000,0.01043000
1676328851,B,21648.23000000,0.02192000
1676328851,B,21648.22000000,0.47827000
1676328851,B,21648.21000000,0.00910000
1676328851,B,21648.19000000,0.03544000
1676328851,B,21648.18000000,0.02706000
1676328851,B,21648.17000000,0.03884000
1676328851,B,21648.16000000,0.03118000
1676328851,B,21648.14000000,0.03284000
1676328851,B,21648.13000000,0.03714000
1676328851,B,21648.11000000,0.01924000
1676328851,B,21648.08000000,0.02265000
1676328851,B,21648.06000000,0.01498000
1676328851,B,21648.03000000,0.02856000
1676328851,B,21648.00000000,0.01332000
1676328851,B,21647.97000000,0.02564000
1676328851,B,21647.82000000,0.00070000
1676328851,B,21647.81000000,0.01071000
1676328851,B,21647.77000000,0.00063000
1676328851,A,21648.52000000,0.00036000
1676328851,A,21648.58000000,0.00200000
1676328851,A,21648.60000000,0.01150000
1676328851,A,21648.66000000,0.00070000
1676328851,A,21648.68000000,0.00065000
1676328851,A,21648.73000000,0.00100000
1676328851,A,21648.76000000,0.00067000
1676328851,A,21648.82000000,0.00600000
1676328851,A,21648.87000000,0.00176000
1676328851,A,21648.89000000,0.00055000
1676328851,A,21648.92000000,0.00100000
1676328851,A,21649.00000000,0.04663000
1676328851,A,21649.01000000,0.16467000
1676328851,A,21649.04000000,0.11549000
1676328851,A,21649.05000000,0.00100000
1676328851,A,21649.08000000,0.00070000
1676328851,A,21649.09000000,0.00982000
1676328851,A,21649.18000000,0.01085000
1676328851,A,21649.21000000,0.58072000
1676328851,A,21649.22000000,0.13952000
1676328852,B,21648.24000000,0.00070000
1676328852,B,21648.19000000,0.02252000
1676328852,B,21648.17000000,0.03884000
1676328852,B,21648.16000000,0.03118000
1676328852,B,21648.14000000,0.03284000
1676328852,B,21648.13000000,0.03714000
1676328852,B,21648.11000000,0.01924000
1676328852,B,21648.08000000,0.02265000
1676328852,B,21648.06000000,0.01498000
1676328852,B,21648.03000000,0.02856000
1676328852,B,21648.00000000,0.01199000
1676328852,B,21647.97000000,0.02564000
1676328852,B,21647.96000000,0.09238000
1676328852,B,21647.92000000,0.09238000
1676328852,B,21647.90000000,0.15074000
1676328852,B,21647.82000000,0.00070000
1676328852,B,21647.81000000,0.01071000
1676328852,B,21647.78000000,0.11327000
1676328852,B,21647.77000000,0.00063000
1676328852,B,21647.66000000,0.04175000
1676328852,A,21648.63000000,0.00911000
1676328852,A,21648.68000000,0.00020000
1676328852,A,21648.76000000,0.00067000
1676328852,A,21648.78000000,0.00100000
1676328852,A,21648.82000000,0.00700000
1676328852,A,21648.84000000,0.00100000
1676328852,A,21648.85000000,0.00600000
1676328852,A,21648.86000000,0.00400000
1676328852,A,21648.87000000,0.00731000
1676328852,A,21648.89000000,0.00055000
1676328852,A,21648.91000000,0.00100000
1676328852,A,21648.96000000,0.00400000
1676328852,A,21648.98000000,0.35916000
1676328852,A,21648.99000000,0.04100000
1676328852,A,21649.00000000,0.02180000
1676328852,A,21649.04000000,0.11549000
1676328852,A,21649.05000000,0.00100000
1676328852,A,21649.06000000,0.00100000
1676328852,A,21649.07000000,0.00300000
1676328852,A,21649.08000000,0.04070000
1676328853,B,21649.26000000,0.00100000
1676328853,B,21649.25000000,0.01957000
1676328853,B,21649.23000000,0.31869000
1676328853,B,21649.11000000,0.00063000
1676328853,B,21649.08000000,0.00070000
1676328853,B,21649.00000000,0.04621000
1676328853,B,21648.95000000,0.00100000
1676328853,B,21648.94000000,0.14014000
1676328853,B,21648.84000000,0.27463000
1676328853,B,21648.83000000,0.00200000
1676328853,B,21648.82000000,0.14540000
1676328853,B,21648.78000000,0.03334000
1676328853,B,21648.68000000,0.00065000
1676328853,B,21648.66000000,0.00070000
1676328853,B,21648.65000000,0.27714000
1676328853,B,21648.63000000,0.09238000
1676328853,B,21648.62000000,0.32334000
1676328853,B,21648.61000000,0.46758000
1676328853,B,21648.58000000,0.16167000
1676328853,B,21648.53000000,0.03000000
1676328853,A,21649.74000000,0.00067000
1676328853,A,21649.78000000,0.00428000
1676328853,A,21649.84000000,0.00395000
1676328853,A,21649.85000000,0.10000000
1676328853,A,21649.92000000,0.00070000
1676328853,A,21649.97000000,0.00050000
1676328853,A,21650.00000000,0.02809000
1676328853,A,21650.11000000,0.00100000
1676328853,A,21650.23000000,0.00100000
1676328853,A,21650.31000000,0.01097000
1676328853,A,21650.32000000,0.18682000
1676328853,A,21650.34000000,0.00070000
1676328853,A,21650.35000000,0.00100000
1676328853,A,21650.41000000,0.01000000
1676328853,A,21650.42000000,0.09238000
1676328853,A,21650.53000000,0.00100000
1676328853,A,21650.55000000,0.00065000
1676328853,A,21650.72000000,0.00067000
1676328853,A,21650.74000000,0.00200000
1676328853,A,21650.76000000,0.00070000
1676328854,B,21649.62000000,0.00100000
1676328854,B,21649.61000000,0.00435000
1676328854,B,21649.50000000,0.00070000
1676328854,B,21649.35000000,0.00200000
1676328854,B,21649.34000000,0.00200000
1676328854,B,21649.27000000,0.00100000
1676328854,B,21649.25000000,0.01315000
1676328854,B,21649.23000000,0.00065000
1676328854,B,21649.17000000,0.00100000
1676328854,B,21649.13000000,0.06918000
1676328854,B,21649.12000000,0.09438000
1676328854,B,21649.11000000,0.00518000
1676328854,B,21649.10000000,0.27400000
1676328854,B,21649.08000000,0.00070000
1676328854,B,21649.07000000,0.18576000
1676328854,B,21649.05000000,0.13744000
1676328854,B,21649.04000000,0.32333000
1676328854,B,21649.03000000,0.46757000
1676328854,B,21649.00000000,0.30025000
1676328854,B,21648.95000000,0.00100000
1676328854,A,21649.68000000,0.05000000
1676328854,A,21649.73000000,0.00094000
1676328854,A,21650.24000000,0.00398000
1676328854,A,21650.25000000,0.01097000
1676328854,A,21650.26000000,0.09814000
1676328854,A,21650.27000000,0.22316000
1676328854,A,21650.28000000,0.00700000
1676328854,A,21650.32000000,0.09637000
1676328854,A,21650.33000000,0.00065000
1676328854,A,21650.34000000,0.00170000
1676328854,A,21650.35000000,0.00100000
1676328854,A,21650.36000000,0.10000000
1676328854,A,21650.40000000,0.01200000
1676328854,A,21650.41000000,0.01000000
1676328854,A,21650.49000000,0.16166000
1676328854,A,21650.53000000,0.00100000
1676328854,A,21650.55000000,0.00065000
1676328854,A,21650.56000000,0.00100000
1676328854,A,21650.64000000,0.00100000
1676328854,A,21650.70000000,0.00200000
1676328855,B,21649.08000000,0.00070000
1676328855,B,21648.93000000,0.02092000
1676328855,B,21648.92000000,0.02311000
1676328855,B,21648.91000000,0.09286000
1676328855,B,21648.89000000,0.27921000
1676328855,B,21648.78000000,0.03334000
1676328855,B,21648.76000000,0.00067000
1676328855,B,21648.68000000,0.00065000
1676328855,B,21648.66000000,0.00070000
1676328855,B,21648.60000000,0.00100000
1676328855,B,21648.55000000,0.02000000
1676328855,B,21648.53000000,0.00100000
1676328855,B,21648.51000000,0.00366000
1676328855,B,21648.50000000,0.09238000
1676328855,B,21648.48000000,0.18476000
1676328855,B,21648.44000000,0.00200000
1676328855,B,21648.42000000,0.06000000
1676328855,B,21648.41000000,0.00300000
1676328855,B,21648.40000000,0.13858000
1676328855,B,21648.39000000,0.24536000
1676328855,A,21649.78000000,0.02065000
1676328855,A,21649.92000000,0.00070000
1676328855,A,21650.05000000,0.00100000
1676328855,A,21650.10000000,0.00100000
1676328855,A,21650.14000000,0.00100000
1676328855,A,21650.15000000,0.06670000
1676328855,A,21650.16000000,0.22143000
1676328855,A,21650.17000000,0.00355000
1676328855,A,21650.20000000,0.04000000
1676328855,A,21650.23000000,0.00800000
1676328855,A,21650.26000000,0.16166000
1676328855,A,21650.33000000,0.27569000
1676328855,A,21650.34000000,0.14525000
1676328855,A,21650.36000000,0.10000000
1676328855,A,21650.41000000,0.01100000
1676328855,A,21650.53000000,0.00200000
1676328855,A,21650.55000000,0.00065000
1676328855,A,21650.56000000,0.00100000
1676328855,A,21650.60000000,0.00700000
1676328855,A,21650.62000000,0.00100000
1676328856,B,21647.70000000,0.05000000
1676328856,B,21647.40000000,0.00070000
1676328856,B,21647.10000000,0.09239000
1676328856,B,21647.05000000,0.09239000
1676328856,B,21647.03000000,0.00065000
1676328856,B,21647.00000000,0.01320000
1676328856,B,21646.99000000,0.09239000
1676328856,B,21646.98000000,0.11634000
1676328856,B,21646.94000000,0.00247000
1676328856,B,21646.93000000,0.00500000
1676328856,B,21646.91000000,0.81728000
1676328856,B,21646.80000000,0.00067000
1676328856,B,21646.70000000,0.00224000
1676328856,B,21646.67000000,0.06661000
1676328856,B,21646.56000000,0.00070000
1676328856,B,21646.53000000,0.00047000
1676328856,B,21646.48000000,0.00395000
1676328856,B,21646.40000000,0.00226000
1676328856,B,21646.31000000,0.27605000
1676328856,B,21646.30000000,0.24002000
1676328856,A,21647.96000000,0.00100000
1676328856,A,21648.05000000,0.00100000
1676328856,A,21648.06000000,0.00282000
1676328856,A,21648.09000000,0.01031000
1676328856,A,21648.13000000,0.00065000
1676328856,A,21648.14000000,0.00100000
1676328856,A,21648.23000000,0.00100000
1676328856,A,21648.24000000,0.00270000
1676328856,A,21648.26000000,0.70176000
1676328856,A,21648.32000000,0.00100000
1676328856,A,21648.41000000,0.14193000
1676328856,A,21648.43000000,0.16307000
1676328856,A,21648.44000000,0.27029000
1676328856,A,21648.60000000,0.11549000
1676328856,A,21648.61000000,0.13419000
1676328856,A,21648.66000000,0.00070000
1676328856,A,21648.67000000,0.06000000
1676328856,A,21648.68000000,0.00065000
1676328856,A,21648.76000000,0.00067000
1676328856,A,21648.93000000,0.10205000
1676328857,B,21647.69000000,0.08316000
1676328857,B,21647.43000000,0.00100000
1676328857,B,21647.40000000,0.00070000
1676328857,B,21647.16000000,0.00119000
1676328857,B,21647.14000000,0.01324000
1676328857,B,21647.10000000,0.00200000
1676328857,B,21647.09000000,0.00100000
1676328857,B,21647.05000000,0.09339000
1676328857,B,21647.03000000,0.00465000
1676328857,B,21647.02000000,0.00500000
1676328857,B,21646.98000000,0.00070000
1676328857,B,21646.94000000,0.00100000
1676328857,B,21646.93000000,0.01200000
1676328857,B,21646.92000000,0.16168000
1676328857,B,21646.91000000,0.54835000
1676328857,B,21646.88000000,0.02000000
1676328857,B,21646.80000000,0.00067000
1676328857,B,21646.72000000,0.00600000
1676328857,B,21646.70000000,0.00224000
1676328857,B,21646.56000000,0.00070000
1676328857,A,21648.06000000,0.64561000
1676328857,A,21648.07000000,0.14426000
1676328857,A,21648.13000000,0.00065000
1676328857,A,21648.18000000,0.00700000
1676328857,A,21648.23000000,0.46710000
1676328857,A,21648.24000000,0.00070000
1676328857,A,21648.25000000,0.02906000
1676328857,A,21648.26000000,0.27921000
1676328857,A,21648.27000000,0.17094000
1676328857,A,21648.29000000,0.02905000
1676328857,A,21648.32000000,0.00100000
1676328857,A,21648.47000000,0.09238000
1676328857,A,21648.50000000,0.09238000
1676328857,A,21648.52000000,0.10776000
1676328857,A,21648.53000000,0.16340000
1676328857,A,21648.54000000,0.45727000
1676328857,A,21648.55000000,0.31384000
1676328857,A,21648.56000000,0.16167000
1676328857,A,21648.59000000,0.14188000
1676328857,A,21648.60000000,0.15614000
1676328858,B,21647.86000000,0.01200000
1676328858,B,21647.67000000,0.11564000
1676328858,B,21647.40000000,0.00070000
1676328858,B,21647.37000000,0.09239000
1676328858,B,21647.36000000,0.02366000
1676328858,B,21647.35000000,0.11564000
1676328858,B,21647.29000000,0.00200000
1676328858,B,21647.28000000,0.10204000
1676328858,B,21647.27000000,0.10000000
1676328858,B,21647.25000000,0.20016000
1676328858,B,21647.17000000,0.00100000
1676328858,B,21647.16000000,0.00719000
1676328858,B,21647.08000000,0.00100000
1676328858,B,21647.07000000,0.00100000
1676328858,B,21647.05000000,0.09339000
1676328858,B,21647.04000000,0.00100000
1676328858,B,21647.03000000,0.00365000
1676328858,B,21647.02000000,0.16968000
1676328858,B,21646.98000000,0.00070000
1676328858,B,21646.94000000,0.00100000
1676328858,A,21648.03000000,0.00055000
1676328858,A,21648.13000000,0.00065000
1676328858,A,21648.23000000,0.46710000
1676328858,A,21648.24000000,0.00070000
1676328858,A,21648.25000000,0.02906000
1676328858,A,21648.26000000,0.27921000
1676328858,A,21648.27000000,0.02906000
1676328858,A,21648.29000000,0.07723000
1676328858,A,21648.59000000,0.00622000
1676328858,A,21648.60000000,0.01074000
1676328858,A,21648.66000000,0.00070000
1676328858,A,21648.68000000,0.00065000
1676328858,A,21648.70000000,0.01200000
1676328858,A,21648.76000000,0.00067000
1676328858,A,21648.88000000,0.09239000
1676328858,A,21648.93000000,0.13419000
1676328858,A,21648.98000000,0.02000000
1676328858,A,21649.02000000,0.31349000
1676328858,A,21649.03000000,0.14191000
1676328858,A,21649.04000000,0.03271000
1676328859,B,21648.38000000,0.01400000
1676328859,B,21648.37000000,0.29799000
1676328859,B,21648.36000000,0.00100000
1676328859,B,21648.27000000,0.00100000
1676328859,B,21648.24000000,0.00189000
1676328859,B,21648.13000000,0.00065000
1676328859,B,21648.10000000,0.00100000
1676328859,B,21648.04000000,0.02000000
1676328859,B,21648.02000000,0.00266000
1676328859,B,21647.86000000,0.01200000
1676328859,B,21647.85000000,0.00430000
1676328859,B,21647.82000000,0.00070000
1676328859,B,21647.80000000,0.09238000
1676328859,B,21647.78000000,0.00067000
1676328859,B,21647.77000000,0.08016000
1676328859,B,21647.76000000,0.10776000
1676328859,B,21647.74000000,0.00100000
1676328859,B,21647.73000000,0.16167000
1676328859,B,21647.69000000,0.00200000
1676328859,B,21647.68000000,0.01074000
1676328859,A,21648.98000000,0.00200000
1676328859,A,21649.08000000,0.06072000
1676328859,A,21649.09000000,0.01354000
1676328859,A,21649.10000000,0.01340000
1676328859,A,21649.11000000,0.00100000
1676328859,A,21649.12000000,0.02097000
1676328859,A,21649.13000000,0.57393000
1676328859,A,21649.18000000,0.00100000
1676328859,A,21649.19000000,0.02000000
1676328859,A,21649.22000000,0.00100000
1676328859,A,21649.23000000,0.00165000
1676328859,A,21649.32000000,0.00075000
1676328859,A,21649.34000000,0.27278000
1676328859,A,21649.42000000,0.62190000
1676328859,A,21649.43000000,0.31384000
1676328859,A,21649.50000000,0.00070000
1676328859,A,21649.54000000,0.11549000
1676328859,A,21649.69000000,0.01751000
1676328859,A,21649.70000000,0.14152000
1676328859,A,21649.71000000,0.02894000
1676328860,B,21648.39000000,0.00047000
1676328860,B,21648.38000000,0.01710000
1676328860,B,21648.24000000,0.00189000
1676328860,B,21648.13000000,0.00065000
1676328860,B,21648.05000000,0.00100000
1676328860,B,21648.02000000,0.00266000
1676328860,B,21648.00000000,0.00100000
1676328860,B,21647.99000000,0.00100000
1676328860,B,21647.94000000,0.00100000
1676328860,B,21647.93000000,0.01850000
1676328860,B,21647.92000000,0.09266000
1676328860,B,21647.91000000,0.00200000
1676328860,B,21647.90000000,0.09438000
1676328860,B,21647.89000000,0.01174000
1676328860,B,21647.88000000,0.14219000
1676328860,B,21647.87000000,0.00800000
1676328860,B,21647.86000000,0.01200000
1676328860,B,21647.85000000,0.00430000
1676328860,B,21647.84000000,0.00599000
1676328860,B,21647.83000000,0.00200000
1676328860,A,21648.99000000,0.03001000
1676328860,A,21649.00000000,0.01500000
1676328860,A,21649.07000000,0.00929000
1676328860,A,21649.08000000,0.00070000
1676328860,A,21649.12000000,0.02804000
1676328860,A,21649.13000000,0.57393000
1676328860,A,21649.18000000,0.00100000
1676328860,A,21649.22000000,0.00100000
1676328860,A,21649.23000000,0.00065000
1676328860,A,21649.28000000,0.00100000
1676328860,A,21649.31000000,0.13419000
1676328860,A,21649.32000000,0.00075000
1676328860,A,21649.40000000,0.31321000
1676328860,A,21649.41000000,0.14152000
1676328860,A,21649.50000000,0.00070000
1676328860,A,21649.54000000,0.11549000
1676328860,A,21649.57000000,0.09238000
1676328860,A,21649.69000000,0.01751000
1676328860,A,21649.71000000,0.02894000
1676328860,A,21649.74000000,0.03820000
1676328861,B,21649.50000000,0.00070000
1676328861,B,21649.41000000,0.00055000
1676328861,B,21649.23000000,0.00065000
1676328861,B,21649.09000000,0.01003000
1676328861,B,21649.08000000,0.00490000
1676328861,B,21649.05000000,0.00100000
1676328861,B,21648.98000000,0.02001000
1676328861,B,21648.97000000,0.02364000
1676328861,B,21648.95000000,0.09995000
1676328861,B,21648.93000000,0.14074000
1676328861,B,21648.92000000,0.03950000
1676328861,B,21648.90000000,0.04000000
1676328861,B,21648.89000000,0.10773000
1676328861,B,21648.88000000,0.09238000
1676328861,B,21648.86000000,0.16166000
1676328861,B,21648.84000000,0.09237000
1676328861,B,21648.77000000,0.25578000
1676328861,B,21648.76000000,0.00067000
1676328861,B,21648.71000000,0.09238000
1676328861,B,21648.68000000,0.00065000
1676328861,A,21650.21000000,0.00280000
1676328861,A,21650.22000000,0.10904000
1676328861,A,21650.24000000,0.00125000
1676328861,A,21650.28000000,0.00100000
1676328861,A,21650.30000000,0.00100000
1676328861,A,21650.31000000,0.00630000
1676328861,A,21650.32000000,0.14540000
1676328861,A,21650.33000000,0.00165000
1676328861,A,21650.34000000,0.00070000
1676328861,A,21650.35000000,0.26465000
1676328861,A,21650.36000000,0.10000000
1676328861,A,21650.40000000,0.01200000
1676328861,A,21650.41000000,0.01000000
1676328861,A,21650.53000000,0.01489000
1676328861,A,21650.58000000,0.04000000
1676328861,A,21650.66000000,0.06000000
1676328861,A,21650.72000000,0.27571000
1676328861,A,21650.73000000,0.00100000
1676328861,A,21650.74000000,0.00100000
1676328861,A,21650.76000000,0.00070000
1676328862,B,21650.78000000,0.00055000
1676328862,B,21650.76000000,0.00070000
1676328862,B,21650.67000000,0.01290000
1676328862,B,21650.36000000,0.00312000
1676328862,B,21650.34000000,0.00070000
1676328862,B,21650.33000000,0.00065000
1676328862,B,21650.24000000,0.02262000
1676328862,B,21650.23000000,0.09436000
1676328862,B,21650.21000000,0.09337000
1676328862,B,21650.20000000,0.00750000
1676328862,B,21650.19000000,0.02000000
1676328862,B,21650.17000000,0.00100000
1676328862,B,21650.16000000,0.00537000
1676328862,B,21650.15000000,0.29239000
1676328862,B,21650.12000000,0.16263000
1676328862,B,21650.09000000,0.00355000
1676328862,B,21650.07000000,0.00100000
1676328862,B,21650.06000000,0.01074000
1676328862,B,21650.05000000,0.14183000
1676328862,B,21650.02000000,0.00100000
1676328862,A,21651.15000000,0.00173000
1676328862,A,21651.16000000,0.01700000
1676328862,A,21651.17000000,0.02286000
1676328862,A,21651.21000000,0.00100000
1676328862,A,21651.22000000,0.00700000
1676328862,A,21651.28000000,0.00100000
1676328862,A,21651.32000000,0.08202000
1676328862,A,21651.33000000,0.06000000
1676328862,A,21651.40000000,0.00600000
1676328862,A,21651.41000000,0.01000000
1676328862,A,21651.43000000,0.00065000
1676328862,A,21651.48000000,0.00100000
1676328862,A,21651.55000000,0.03462000
1676328862,A,21651.60000000,0.00070000
1676328862,A,21651.70000000,0.00067000
1676328862,A,21651.88000000,0.00100000
1676328862,A,21651.89000000,0.02883000
1676328862,A,21651.94000000,0.13393000
1676328862,A,21651.95000000,0.00200000
1676328862,A,21651.96000000,0.00600000
1676328863,B,21650.41000000,0.02782000
1676328863,B,21650.40000000,0.16963000
1676328863,B,21650.36000000,0.00312000
1676328863,B,21650.34000000,0.00070000
1676328863,B,21650.33000000,0.02264000
1676328863,B,21650.32000000,0.00159000
1676328863,B,21650.31000000,0.00100000
1676328863,B,21650.30000000,0.00200000
1676328863,B,21650.29000000,0.00200000
1676328863,B,21650.28000000,0.00100000
1676328863,B,21650.26000000,0.00199000
1676328863,B,21650.25000000,0.01207000
1676328863,B,21650.23000000,0.18670000
1676328863,B,21650.19000000,0.00199000
1676328863,B,21650.18000000,0.09337000
1676328863,B,21650.17000000,0.09932000
1676328863,B,21650.16000000,0.00437000
1676328863,B,21650.14000000,0.00100000
1676328863,B,21650.07000000,0.00199000
1676328863,B,21650.05000000,0.00100000
1676328863,A,21651.17000000,0.11568000
1676328863,A,21651.18000000,0.00070000
1676328863,A,21651.28000000,0.00100000
1676328863,A,21651.33000000,0.06000000
1676328863,A,21651.40000000,0.00500000
1676328863,A,21651.41000000,0.01000000
1676328863,A,21651.43000000,0.00065000
1676328863,A,21651.48000000,0.00100000
1676328863,A,21651.51000000,0.23300000
1676328863,A,21651.55000000,0.03462000
1676328863,A,21651.60000000,0.00070000
1676328863,A,21651.64000000,0.00100000
1676328863,A,21651.70000000,0.00067000
1676328863,A,21651.81000000,0.13884000
1676328863,A,21651.86000000,0.00100000
1676328863,A,21651.88000000,0.14071000
1676328863,A,21651.92000000,0.18676000
1676328863,A,21651.97000000,0.00150000
1676328863,A,21651.98000000,0.16372000
1676328863,A,21651.99000000,0.11742000
1676328864,B,21650.52000000,0.03990000
1676328864,B,21650.48000000,0.00199000
1676328864,B,21650.46000000,0.04650000
1676328864,B,21650.45000000,0.03229000
1676328864,B,21650.43000000,0.02155000
1676328864,B,21650.41000000,0.02255000
1676328864,B,21650.39000000,0.00259000
1676328864,B,21650.38000000,0.00100000
1676328864,B,21650.36000000,0.00312000
1676328864,B,21650.34000000,0.00070000
1676328864,B,21650.33000000,0.00065000
1676328864,B,21650.29000000,0.00100000
1676328864,B,21650.26000000,0.00898000
1676328864,B,21650.25000000,0.00907000
1676328864,B,21650.20000000,0.00100000
1676328864,B,21650.18000000,0.09237000
1676328864,B,21650.17000000,0.09333000
1676328864,B,21650.16000000,0.00437000
1676328864,B,21650.05000000,0.00100000
1676328864,B,21650.03000000,0.09238000
1676328864,A,21651.11000000,0.00150000
1676328864,A,21651.12000000,0.12742000
1676328864,A,21651.14000000,0.14722000
1676328864,A,21651.17000000,0.09282000
1676328864,A,21651.18000000,0.00070000
1676328864,A,21651.28000000,0.00100000
1676328864,A,21651.33000000,0.06000000
1676328864,A,21651.40000000,0.00500000
1676328864,A,21651.41000000,0.01000000
1676328864,A,21651.43000000,0.00065000
1676328864,A,21651.48000000,0.00100000
1676328864,A,21651.54000000,0.14026000
1676328864,A,21651.55000000,0.03462000
1676328864,A,21651.60000000,0.00070000
1676328864,A,21651.64000000,0.00100000
1676328864,A,21651.70000000,0.00067000
1676328864,A,21651.80000000,0.00194000
1676328864,A,21651.84000000,0.00100000
1676328864,A,21651.86000000,0.13419000
1676328864,A,21651.87000000,0.01000000
1676328865,B,21650.45000000,0.02108000
1676328865,B,21650.43000000,0.02155000
1676328865,B,21650.41000000,0.02155000
1676328865,B,21650.39000000,0.00160000
1676328865,B,21650.37000000,0.01500000
1676328865,B,21650.36000000,0.00312000
1676328865,B,21650.34000000,0.00070000
1676328865,B,21650.33000000,0.00065000
1676328865,B,21650.28000000,0.01000000
1676328865,B,21650.25000000,0.00207000
1676328865,B,21650.22000000,0.00200000
1676328865,B,21650.21000000,0.00259000
1676328865,B,21650.20000000,0.01486000
1676328865,B,21650.19000000,0.03003000
1676328865,B,21650.18000000,0.09936000
1676328865,B,21650.16000000,0.00437000
1676328865,B,21650.05000000,0.00200000
1676328865,B,21650.02000000,0.14086000
1676328865,B,21650.01000000,0.14857000
1676328865,B,21650.00000000,3.50229000
1676328865,A,21651.16000000,0.17613000
1676328865,A,21651.18000000,0.00070000
1676328865,A,21651.28000000,0.00100000
1676328865,A,21651.33000000,0.06000000
1676328865,A,21651.40000000,0.00500000
1676328865,A,21651.43000000,0.00065000
1676328865,A,21651.50000000,0.06871000
1676328865,A,21651.51000000,0.09237000
1676328865,A,21651.53000000,0.73415000
1676328865,A,21651.54000000,0.23217000
1676328865,A,21651.55000000,0.03462000
1676328865,A,21651.56000000,0.27303000
1676328865,A,21651.57000000,0.10775000
1676328865,A,21651.58000000,0.09237000
1676328865,A,21651.59000000,0.16165000
1676328865,A,21651.60000000,0.00070000
1676328865,A,21651.61000000,0.32330000
1676328865,A,21651.62000000,0.09237000
1676328865,A,21651.64000000,0.32472000
1676328865,A,21651.65000000,0.62918000
1676328866,B,21650.76000000,0.00070000
1676328866,B,21650.55000000,0.00159000
1676328866,B,21650.54000000,0.00047000
1676328866,B,21650.52000000,0.02108000
1676328866,B,21650.50000000,0.02155000
1676328866,B,21650.47000000,0.00060000
1676328866,B,21650.45000000,0.00060000
1676328866,B,21650.39000000,0.00160000
1676328866,B,21650.37000000,0.01500000
1676328866,B,21650.36000000,0.00312000
1676328866,B,21650.34000000,0.00170000
1676328866,B,21650.33000000,0.00065000
1676328866,B,21650.32000000,0.01500000
1676328866,B,21650.25000000,0.00207000
1676328866,B,21650.22000000,0.09437000
1676328866,B,21650.20000000,0.00100000
1676328866,B,21650.19000000,0.00900000
1676328866,B,21650.18000000,0.18969000
1676328866,B,21650.17000000,0.00739000
1676328866,B,21650.16000000,0.09774000
1676328866,A,21651.00000000,0.06000000
1676328866,A,21651.17000000,0.00047000
1676328866,A,21651.28000000,0.10461000
1676328866,A,21651.40000000,0.00500000
1676328866,A,21651.42000000,0.00100000
1676328866,A,21651.43000000,0.00065000
1676328866,A,21651.49000000,0.00600000
1676328866,A,21651.50000000,0.00100000
1676328866,A,21651.53000000,0.00100000
1676328866,A,21651.54000000,0.03000000
1676328866,A,21651.55000000,0.03462000
1676328866,A,21651.60000000,0.00070000
1676328866,A,21651.70000000,0.00067000
1676328866,A,21651.82000000,0.00100000
1676328866,A,21651.84000000,0.04661000
1676328866,A,21651.85000000,0.06971000
1676328866,A,21651.86000000,0.13939000
1676328866,A,21651.87000000,0.01000000
1676328866,A,21651.97000000,0.00050000
1676328866,A,21651.98000000,0.00065000
1676328867,B,21651.53000000,0.00100000
1676328867,B,21651.47000000,0.00159000
1676328867,B,21651.46000000,0.02165000
1676328867,B,21651.45000000,0.24099000
1676328867,B,21651.44000000,0.01899000
1676328867,B,21651.43000000,0.01271000
1676328867,B,21651.42000000,0.64215000
1676328867,B,21651.18000000,0.00170000
1676328867,B,21651.16000000,0.04200000
1676328867,B,21651.11000000,0.00100000
1676328867,B,21651.09000000,0.09237000
1676328867,B,21651.08000000,0.09237000
1676328867,B,21651.05000000,0.09231000
1676328867,B,21651.03000000,0.09237000
1676328867,B,21651.02000000,0.10767000
1676328867,B,21650.98000000,0.16161000
1676328867,B,21650.94000000,0.01500000
1676328867,B,21650.88000000,0.30318000
1676328867,B,21650.87000000,0.06711000
1676328867,B,21650.86000000,0.00200000
1676328867,A,21651.92000000,0.04194000
1676328867,A,21651.96000000,0.09282000
1676328867,A,21651.97000000,0.00050000
1676328867,A,21651.98000000,0.00065000
1676328867,A,21651.99000000,0.11742000
1676328867,A,21652.00000000,0.02809000
1676328867,A,21652.02000000,0.00070000
1676328867,A,21652.10000000,0.05140000
1676328867,A,21652.26000000,0.06000000
1676328867,A,21652.32000000,0.01600000
1676328867,A,21652.34000000,0.18082000
1676328867,A,21652.35000000,0.06732000
1676328867,A,21652.37000000,0.16164000
1676328867,A,21652.38000000,0.83146000
1676328867,A,21652.44000000,0.00070000
1676328867,A,21652.45000000,0.14901000
1676328867,A,21652.46000000,0.00622000
1676328867,A,21652.47000000,0.69421000
1676328867,A,21652.50000000,0.11547000
1676328867,A,21652.53000000,0.00165000
1676328868,B,21651.65000000,0.00420000
1676328868,B,21651.60000000,0.00070000
1676328868,B,21651.53000000,0.02694000
1676328868,B,21651.52000000,0.02000000
1676328868,B,21651.47000000,0.08192000
1676328868,B,21651.45000000,0.00100000
1676328868,B,21651.44000000,0.01398000
1676328868,B,21651.43000000,0.01336000
1676328868,B,21651.31000000,0.00800000
1676328868,B,21651.30000000,0.01288000
1676328868,B,21651.29000000,0.09337000
1676328868,B,21651.28000000,0.03284000
1676328868,B,21651.23000000,0.00100000
1676328868,B,21651.22000000,0.09237000
1676328868,B,21651.21000000,0.00100000
1676328868,B,21651.20000000,0.00100000
1676328868,B,21651.19000000,0.00199000
1676328868,B,21651.18000000,0.00070000
1676328868,B,21651.13000000,0.00100000
1676328868,B,21651.11000000,0.18567000
1676328868,A,21652.23000000,0.17554000
1676328868,A,21652.24000000,0.01751000
1676328868,A,21652.32000000,0.01600000
1676328868,A,21652.38000000,0.78897000
1676328868,A,21652.44000000,0.00070000
1676328868,A,21652.45000000,0.00988000
1676328868,A,21652.46000000,0.34180000
1676328868,A,21652.47000000,0.69421000
1676328868,A,21652.53000000,0.00165000
1676328868,A,21652.60000000,0.00622000
1676328868,A,21652.63000000,0.13583000
1676328868,A,21652.64000000,0.13393000
1676328868,A,21652.66000000,0.11547000
1676328868,A,21652.68000000,0.00067000
1676328868,A,21652.81000000,0.11547000
1676328868,A,21652.86000000,0.00070000
1676328868,A,21652.89000000,0.00165000
1676328868,A,21652.95000000,0.11547000
1676328868,A,21652.97000000,0.09237000
1676328868,A,21653.00000000,0.02766000
1676328869,B,21651.86000000,0.04000000
1676328869,B,21651.84000000,0.00820000
1676328869,B,21651.80000000,0.00420000
1676328869,B,21651.76000000,0.00135000
1676328869,B,21651.66000000,0.00047000
1676328869,B,21651.65000000,0.01293000
1676328869,B,21651.60000000,0.00070000
1676328869,B,21651.56000000,0.00700000
1676328869,B,21651.49000000,0.00299000
1676328869,B,21651.47000000,0.05885000
1676328869,B,21651.44000000,0.00100000
1676328869,B,21651.43000000,0.00298000
1676328869,B,21651.42000000,0.00100000
1676328869,B,21651.38000000,0.04720000
1676328869,B,21651.37000000,0.09536000
1676328869,B,21651.35000000,0.09337000
1676328869,B,21651.34000000,0.01597000
1676328869,B,21651.33000000,0.00100000
1676328869,B,21651.32000000,0.00400000
1676328869,B,21651.31000000,0.09330000
1676328869,A,21652.37000000,0.00966000
1676328869,A,21652.38000000,0.25606000
1676328869,A,21652.40000000,0.00149000
1676328869,A,21652.44000000,0.00070000
1676328869,A,21652.45000000,0.00988000
1676328869,A,21652.47000000,0.69421000
1676328869,A,21652.53000000,0.00165000
1676328869,A,21652.63000000,0.00100000
1676328869,A,21652.68000000,0.00067000
1676328869,A,21652.72000000,0.00622000
1676328869,A,21652.86000000,0.00070000
1676328869,A,21652.91000000,0.29557000
1676328869,A,21652.92000000,0.18261000
1676328869,A,21652.93000000,0.31321000
1676328869,A,21652.94000000,0.13893000
1676328869,A,21652.95000000,0.11547000
1676328869,A,21653.00000000,0.02766000
1676328869,A,21653.05000000,0.01000000
1676328869,A,21653.08000000,0.00065000
1676328869,A,21653.18000000,0.01000000
1676328870,B,21651.95000000,0.00229000
1676328870,B,21651.94000000,0.00911000
1676328870,B,21651.91000000,0.00420000
1676328870,B,21651.90000000,0.04050000
1676328870,B,21651.89000000,0.00100000
1676328870,B,21651.88000000,0.01154000
1676328870,B,21651.87000000,0.01385000
1676328870,B,21651.86000000,0.04000000
1676328870,B,21651.81000000,0.09237000
1676328870,B,21651.76000000,0.00135000
1676328870,B,21651.74000000,0.00100000
1676328870,B,21651.72000000,0.09337000
1676328870,B,21651.70000000,0.10831000
1676328870,B,21651.67000000,0.00300000
1676328870,B,21651.66000000,0.00599000
1676328870,B,21651.64000000,0.09237000
1676328870,B,21651.63000000,0.00200000
1676328870,B,21651.62000000,0.00200000
1676328870,B,21651.61000000,0.00998000
1676328870,B,21651.60000000,0.00369000
1676328870,A,21652.44000000,0.00070000
1676328870,A,21652.53000000,0.00065000
1676328870,A,21652.79000000,0.14486000
1676328870,A,21652.80000000,0.06082000
1676328870,A,21652.81000000,0.07000000
1676328870,A,21652.84000000,0.00031000
1676328870,A,21652.86000000,0.00070000
1676328870,A,21652.88000000,0.00100000
1676328870,A,21652.93000000,0.01751000
1676328870,A,21652.98000000,0.19587000
1676328870,A,21652.99000000,0.45212000
1676328870,A,21653.00000000,0.02766000
1676328870,A,21653.05000000,0.01000000
1676328870,A,21653.08000000,0.00065000
1676328870,A,21653.09000000,0.11547000
1676328870,A,21653.14000000,0.13419000
1676328870,A,21653.17000000,0.04000000
1676328870,A,21653.18000000,0.01000000
1676328870,A,21653.28000000,0.00348000
1676328870,A,21653.41000000,0.11547000
1676328871,B,21652.02000000,0.00070000
1676328871,B,21651.94000000,0.00652000
1676328871,B,21651.92000000,0.01488000
1676328871,B,21651.90000000,0.00940000
1676328871,B,21651.88000000,0.02200000
1676328871,B,21651.87000000,0.01385000
1676328871,B,21651.86000000,0.04000000
1676328871,B,21651.83000000,0.00100000
1676328871,B,21651.82000000,0.00100000
1676328871,B,21651.79000000,0.00100000
1676328871,B,21651.78000000,0.00753000
1676328871,B,21651.74000000,0.00599000
1676328871,B,21651.72000000,0.09537000
1676328871,B,21651.71000000,0.00452000
1676328871,B,21651.70000000,0.10831000
1676328871,B,21651.66000000,0.00600000
1676328871,B,21651.64000000,0.09237000
1676328871,B,21651.63000000,0.00100000
1676328871,B,21651.62000000,0.10036000
1676328871,B,21651.60000000,0.00170000
1676328871,A,21652.52000000,0.02782000
1676328871,A,21652.53000000,0.11629000
1676328871,A,21652.64000000,0.11748000
1676328871,A,21652.65000000,0.11564000
1676328871,A,21652.78000000,0.04000000
1676328871,A,21652.86000000,0.00070000
1676328871,A,21652.93000000,0.01751000
1676328871,A,21652.98000000,0.00287000
1676328871,A,21652.99000000,0.13832000
1676328871,A,21653.00000000,0.02766000
1676328871,A,21653.05000000,0.01000000
1676328871,A,21653.08000000,0.00065000
1676328871,A,21653.09000000,0.11547000
1676328871,A,21653.18000000,0.01000000
1676328871,A,21653.21000000,0.12545000
1676328871,A,21653.27000000,0.13393000
1676328871,A,21653.28000000,0.00248000
1676328871,A,21653.38000000,0.16307000
1676328871,A,21653.39000000,0.18474000
1676328871,A,21653.40000000,0.31384000
1676328872,B,21652.44000000,0.00070000
1676328872,B,21652.24000000,0.00100000
1676328872,B,21652.23000000,0.02782000
1676328872,B,21652.22000000,0.02007000
1676328872,B,21652.21000000,0.10981000
1676328872,B,21652.20000000,0.14831000
1676328872,B,21652.16000000,0.06661000
1676328872,B,21652.05000000,0.00047000
1676328872,B,21652.04000000,0.01500000
1676328872,B,21652.02000000,0.00070000
1676328872,B,21651.98000000,0.00065000
1676328872,B,21651.96000000,0.09228000
1676328872,B,21651.94000000,0.09237000
1676328872,B,21651.93000000,0.20001000
1676328872,B,21651.92000000,0.26297000
1676328872,B,21651.91000000,0.26095000
1676328872,B,21651.90000000,0.00446000
1676328872,B,21651.89000000,0.00100000
1676328872,B,21651.87000000,0.15175000
1676328872,B,21651.86000000,0.04000000
1676328872,A,21653.00000000,0.02766000
1676328872,A,21653.05000000,0.01000000
1676328872,A,21653.08000000,0.00065000
1676328872,A,21653.09000000,0.11547000
1676328872,A,21653.18000000,0.01000000
1676328872,A,21653.28000000,0.00248000
1676328872,A,21653.41000000,0.11547000
1676328872,A,21653.48000000,0.00834000
1676328872,A,21653.55000000,0.56219000
1676328872,A,21653.57000000,0.04222000
1676328872,A,21653.58000000,0.29420000
1676328872,A,21653.60000000,0.14315000
1676328872,A,21653.61000000,0.03572000
1676328872,A,21653.63000000,0.00065000
1676328872,A,21653.66000000,0.00067000
1676328872,A,21653.70000000,0.00070000
1676328872,A,21653.78000000,0.11547000
1676328872,A,21653.87000000,0.00048000
1676328872,A,21653.88000000,0.00165000
1676328872,A,21653.93000000,0.01000000
1676328873,B,21653.97000000,0.14831000
1676328873,B,21653.94000000,0.00140000
1676328873,B,21653.88000000,0.10045000
1676328873,B,21653.70000000,0.02000000
1676328873,B,21653.66000000,0.00067000
1676328873,B,21653.63000000,0.00065000
1676328873,B,21653.60000000,0.20797000
1676328873,B,21653.28000000,0.00070000
1676328873,B,21653.20000000,0.02000000
1676328873,B,21653.19000000,0.06000000
1676328873,B,21653.10000000,0.01345000
1676328873,B,21653.08000000,0.00065000
1676328873,B,21653.06000000,0.09236000
1676328873,B,21653.05000000,0.09336000
1676328873,B,21653.04000000,0.09603000
1676328873,B,21653.03000000,0.00911000
1676328873,B,21653.02000000,0.13759000
1676328873,B,21653.01000000,0.93749000
1676328873,B,21653.00000000,3.45294000
1676328873,B,21652.86000000,0.00070000
1676328873,A,21654.53000000,0.00735000
1676328873,A,21654.73000000,0.01751000
1676328873,A,21654.82000000,0.02782000
1676328873,A,21654.85000000,0.04500000
1676328873,A,21654.95000000,0.44803000
1676328873,A,21654.96000000,0.55862000
1676328873,A,21655.00000000,0.17853000
1676328873,A,21655.02000000,0.00990000
1676328873,A,21655.03000000,0.01277000
1676328873,A,21655.06000000,0.06060000
1676328873,A,21655.07000000,0.13759000
1676328873,A,21655.08000000,0.03262000
1676328873,A,21655.12000000,0.06050000
1676328873,A,21655.15000000,0.06080000
1676328873,A,21655.28000000,0.00065000
1676328873,A,21655.30000000,0.01500000
1676328873,A,21655.39000000,0.00100000
1676328873,A,21655.45000000,0.13759000
1676328873,A,21655.50000000,0.01103000
1676328873,A,21655.52000000,0.07133000
1676328874,B,21653.70000000,0.00070000
1676328874,B,21653.66000000,0.00067000
1676328874,B,21653.63000000,0.00065000
1676328874,B,21653.62000000,0.00100000
1676328874,B,21653.51000000,0.02334000
1676328874,B,21653.50000000,0.04968000
1676328874,B,21653.43000000,0.00100000
1676328874,B,21653.40000000,0.00100000
1676328874,B,21653.38000000,0.00299000
1676328874,B,21653.33000000,0.02199000
1676328874,B,21653.28000000,0.00070000
1676328874,B,21653.25000000,0.00600000
1676328874,B,21653.23000000,0.00799000
1676328874,B,21653.22000000,0.00400000
1676328874,B,21653.20000000,0.01230000
1676328874,B,21653.16000000,0.00100000
1676328874,B,21653.12000000,0.00300000
1676328874,B,21653.10000000,0.02244000
1676328874,B,21653.08000000,0.13907000
1676328874,B,21653.07000000,0.02450000
1676328874,A,21654.54000000,0.00070000
1676328874,A,21654.63000000,0.02461000
1676328874,A,21654.64000000,0.05711000
1676328874,A,21654.67000000,0.00077000
1676328874,A,21654.70000000,0.00100000
1676328874,A,21654.71000000,0.02885000
1676328874,A,21654.72000000,0.86377000
1676328874,A,21654.73000000,0.00305000
1676328874,A,21654.77000000,0.00125000
1676328874,A,21654.79000000,0.00100000
1676328874,A,21654.80000000,0.00100000
1676328874,A,21654.81000000,0.04900000
1676328874,A,21654.85000000,0.04500000
1676328874,A,21654.95000000,0.09235000
1676328874,A,21654.96000000,0.55862000
1676328874,A,21654.97000000,0.16307000
1676328874,A,21654.98000000,0.18470000
1676328874,A,21655.00000000,0.60950000
1676328874,A,21655.02000000,0.64648000
1676328874,A,21655.03000000,0.01277000
1676328875,B,21654.22000000,0.02782000
1676328875,B,21654.21000000,0.05384000
1676328875,B,21654.20000000,0.00911000
1676328875,B,21654.18000000,0.00065000
1676328875,B,21654.15000000,0.04847000
1676328875,B,21654.12000000,0.00070000
1676328875,B,21654.03000000,0.09236000
1676328875,B,21653.98000000,0.00953000
1676328875,B,21653.97000000,0.04000000
1676328875,B,21653.96000000,0.02000000
1676328875,B,21653.94000000,0.00100000
1676328875,B,21653.92000000,0.03000000
1676328875,B,21653.86000000,0.09436000
1676328875,B,21653.84000000,0.09222000
1676328875,B,21653.81000000,0.02286000
1676328875,B,21653.80000000,0.09236000
1676328875,B,21653.78000000,0.00100000
1676328875,B,21653.77000000,0.19994000
1676328875,B,21653.76000000,0.16152000
1676328875,B,21653.74000000,0.00100000
1676328875,A,21654.91000000,0.01790000
1676328875,A,21654.95000000,0.00060000
1676328875,A,21654.96000000,0.55862000
1676328875,A,21655.00000000,0.17853000
1676328875,A,21655.03000000,0.01277000
1676328875,A,21655.08000000,0.03262000
1676328875,A,21655.12000000,0.06050000
1676328875,A,21655.20000000,0.00140000
1676328875,A,21655.21000000,0.13816000
1676328875,A,21655.28000000,0.00065000
1676328875,A,21655.30000000,0.01500000
1676328875,A,21655.39000000,0.00100000
1676328875,A,21655.44000000,0.11546000
1676328875,A,21655.49000000,0.01389000
1676328875,A,21655.52000000,0.07133000
1676328875,A,21655.53000000,0.15060000
1676328875,A,21655.54000000,0.72744000
1676328875,A,21655.58000000,0.11546000
1676328875,A,21655.62000000,0.00067000
1676328875,A,21655.63000000,0.09236000
1676328876,B,21654.74000000,0.07527000
1676328876,B,21654.57000000,0.00100000
1676328876,B,21654.55000000,0.04818000
1676328876,B,21654.54000000,0.00070000
1676328876,B,21654.49000000,0.09236000
1676328876,B,21654.43000000,0.00200000
1676328876,B,21654.39000000,0.00100000
1676328876,B,21654.35000000,0.00600000
1676328876,B,21654.32000000,0.00100000
1676328876,B,21654.31000000,0.00100000
1676328876,B,21654.30000000,0.10864000
1676328876,B,21654.29000000,0.11522000
1676328876,B,21654.27000000,0.00199000
1676328876,B,21654.26000000,0.00100000
1676328876,B,21654.23000000,0.13821000
1676328876,B,21654.22000000,0.00233000
1676328876,B,21654.20000000,0.00100000
1676328876,B,21654.19000000,0.03590000
1676328876,B,21654.18000000,0.01364000
1676328876,B,21654.17000000,0.00100000
1676328876,A,21655.35000000,0.02567000
1676328876,A,21655.52000000,0.09585000
1676328876,A,21655.53000000,0.01262000
1676328876,A,21655.54000000,0.72744000
1676328876,A,21655.62000000,0.00067000
1676328876,A,21655.80000000,0.09235000
1676328876,A,21655.81000000,0.36168000
1676328876,A,21655.82000000,0.32322000
1676328876,A,21655.83000000,0.16161000
1676328876,A,21655.84000000,0.30582000
1676328876,A,21655.88000000,0.00400000
1676328876,A,21655.90000000,0.01262000
1676328876,A,21655.96000000,0.14540000
1676328876,A,21655.97000000,0.00050000
1676328876,A,21655.98000000,0.01103000
1676328876,A,21656.00000000,0.02309000
1676328876,A,21656.03000000,0.86628000
1676328876,A,21656.09000000,0.09236000
1676328876,A,21656.13000000,0.04089000
1676328876,A,21656.23000000,0.00165000
1676328877,B,21653.92000000,0.02782000
1676328877,B,21653.87000000,0.02856000
1676328877,B,21653.86000000,0.02100000
1676328877,B,21653.80000000,0.01220000
1676328877,B,21653.79000000,0.00100000
1676328877,B,21653.70000000,0.00070000
1676328877,B,21653.66000000,0.00067000
1676328877,B,21653.63000000,0.00065000
1676328877,B,21653.52000000,0.00126000
1676328877,B,21653.47000000,0.00100000
1676328877,B,21653.28000000,0.00070000
1676328877,B,21653.19000000,0.00100000
1676328877,B,21653.15000000,0.00494000
1676328877,B,21653.13000000,0.00200000
1676328877,B,21653.10000000,0.01345000
1676328877,B,21653.09000000,0.03763000
1676328877,B,21653.08000000,0.04879000
1676328877,B,21653.07000000,0.01000000
1676328877,B,21653.06000000,0.13545000
1676328877,B,21653.04000000,0.00100000
1676328877,A,21654.65000000,0.00911000
1676328877,A,21654.67000000,0.00055000
1676328877,A,21654.71000000,0.06732000
1676328877,A,21654.73000000,0.00065000
1676328877,A,21654.92000000,0.00352000
1676328877,A,21654.93000000,0.03858000
1676328877,A,21654.96000000,0.02453000
1676328877,A,21654.98000000,0.05375000
1676328877,A,21655.01000000,0.04434000
1676328877,A,21655.03000000,0.03623000
1676328877,A,21655.05000000,0.10692000
1676328877,A,21655.07000000,0.16162000
1676328877,A,21655.11000000,0.16162000
1676328877,A,21655.12000000,0.09235000
1676328877,A,21655.13000000,0.23656000
1676328877,A,21655.14000000,0.13863000
1676328877,A,21655.15000000,0.60317000
1676328877,A,21655.16000000,0.03337000
1676328877,A,21655.17000000,0.16162000
1676328877,A,21655.21000000,0.04000000
1676328878,B,21653.92000000,0.00911000
1676328878,B,21653.90000000,0.00047000
1676328878,B,21653.87000000,0.02856000
1676328878,B,21653.70000000,0.00070000
1676328878,B,21653.66000000,0.00067000
1676328878,B,21653.63000000,0.00065000
1676328878,B,21653.58000000,0.09236000
1676328878,B,21653.52000000,0.00126000
1676328878,B,21653.39000000,0.00200000
1676328878,B,21653.36000000,0.00200000
1676328878,B,21653.29000000,0.00100000
1676328878,B,21653.28000000,0.00070000
1676328878,B,21653.27000000,0.00299000
1676328878,B,21653.24000000,0.01200000
1676328878,B,21653.23000000,0.00600000
1676328878,B,21653.22000000,0.00899000
1676328878,B,21653.21000000,0.01192000
1676328878,B,21653.20000000,0.05888000
1676328878,B,21653.19000000,0.00100000
1676328878,B,21653.18000000,0.00100000
1676328878,A,21654.53000000,0.14859000
1676328878,A,21654.54000000,0.04057000
1676328878,A,21654.56000000,0.01467000
1676328878,A,21654.58000000,0.01466000
1676328878,A,21654.62000000,0.04000000
1676328878,A,21654.65000000,0.00100000
1676328878,A,21654.71000000,0.00100000
1676328878,A,21654.73000000,0.01347000
1676328878,A,21654.88000000,0.06832000
1676328878,A,21654.90000000,0.09335000
1676328878,A,21654.93000000,0.03858000
1676328878,A,21654.96000000,0.11758000
1676328878,A,21654.98000000,0.05375000
1676328878,A,21654.99000000,0.23098000
1676328878,A,21655.00000000,0.23838000
1676328878,A,21655.01000000,0.31369000
1676328878,A,21655.02000000,0.64648000
1676328878,A,21655.03000000,0.19785000
1676328878,A,21655.04000000,0.30583000
1676328878,A,21655.05000000,0.00100000
1676328879,B,21654.34000000,0.00428000
1676328879,B,21654.32000000,0.02286000
1676328879,B,21654.18000000,0.00065000
1676328879,B,21654.12000000,0.00070000
1676328879,B,21653.87000000,0.06416000
1676328879,B,21653.86000000,0.01374000
1676328879,B,21653.84000000,0.01751000
1676328879,B,21653.82000000,0.14728000
1676328879,B,21653.81000000,0.00100000
1676328879,B,21653.79000000,0.00900000
1676328879,B,21653.75000000,0.00100000
1676328879,B,21653.70000000,0.00070000
1676328879,B,21653.68000000,0.00100000
1676328879,B,21653.67000000,0.00200000
1676328879,B,21653.66000000,0.00067000
1676328879,B,21653.65000000,0.00047000
1676328879,B,21653.63000000,0.00065000
1676328879,B,21653.61000000,0.01003000
1676328879,B,21653.57000000,0.00600000
1676328879,B,21653.55000000,0.40555000
1676328879,A,21654.73000000,0.00001000
1676328879,A,21654.85000000,0.00047000
1676328879,A,21654.86000000,0.07719000
1676328879,A,21654.87000000,0.01229000
1676328879,A,21654.91000000,0.00100000
1676328879,A,21654.93000000,0.03858000
1676328879,A,21654.96000000,0.02523000
1676328879,A,21654.98000000,0.05375000
1676328879,A,21655.00000000,0.00063000
1676328879,A,21655.01000000,0.04434000
1676328879,A,21655.03000000,0.03623000
1676328879,A,21655.05000000,0.00100000
1676328879,A,21655.16000000,0.03337000
1676328879,A,21655.20000000,0.10773000
1676328879,A,21655.28000000,0.00065000
1676328879,A,21655.29000000,0.13776000
1676328879,A,21655.30000000,0.04000000
1676328879,A,21655.38000000,0.00070000
1676328879,A,21655.51000000,0.17952000
1676328879,A,21655.53000000,0.16162000
1676328880,B,21654.35000000,0.00909000
1676328880,B,21654.21000000,0.00047000
1676328880,B,21654.20000000,0.01374000
1676328880,B,21654.19000000,0.01500000
1676328880,B,21654.18000000,0.00065000
1676328880,B,21654.12000000,0.00070000
1676328880,B,21653.94000000,0.07272000
1676328880,B,21653.93000000,0.04447000
1676328880,B,21653.92000000,0.10987000
1676328880,B,21653.91000000,0.09236000
1676328880,B,21653.87000000,0.00100000
1676328880,B,21653.86000000,0.00100000
1676328880,B,21653.83000000,0.13939000
1676328880,B,21653.80000000,0.09223000
1676328880,B,21653.76000000,0.09236000
1676328880,B,21653.73000000,0.10758000
1676328880,B,21653.72000000,0.00100000
1676328880,B,21653.71000000,0.16152000
1676328880,B,21653.70000000,0.01073000
1676328880,B,21653.66000000,0.00067000
1676328880,A,21654.91000000,0.00100000
1676328880,A,21654.94000000,0.00047000
1676328880,A,21654.95000000,0.01313000
1676328880,A,21654.96000000,0.00070000
1676328880,A,21655.05000000,0.00200000
1676328880,A,21655.15000000,0.07719000
1676328880,A,21655.17000000,0.00100000
1676328880,A,21655.18000000,0.00100000
1676328880,A,21655.27000000,0.14540000
1676328880,A,21655.28000000,0.00165000
1676328880,A,21655.38000000,0.00070000
1676328880,A,21655.44000000,0.00100000
1676328880,A,21655.49000000,0.00100000
1676328880,A,21655.50000000,0.00100000
1676328880,A,21655.51000000,0.00100000
1676328880,A,21655.52000000,0.00100000
1676328880,A,21655.53000000,0.27602000
1676328880,A,21655.54000000,0.72744000
1676328880,A,21655.62000000,0.00067000
1676328880,A,21655.67000000,0.02000000
1676328881,B,21654.11000000,0.00074000
1676328881,B,21654.08000000,0.00100000
1676328881,B,21654.07000000,0.00200000
1676328881,B,21654.05000000,0.00100000
1676328881,B,21654.04000000,0.00100000
1676328881,B,21654.03000000,0.00100000
1676328881,B,21654.02000000,0.00199000
1676328881,B,21654.01000000,0.01300000
1676328881,B,21653.97000000,0.04000000
1676328881,B,21653.96000000,0.00199000
1676328881,B,21653.94000000,0.00100000
1676328881,B,21653.83000000,0.00100000
1676328881,B,21653.77000000,0.01100000
1676328881,B,21653.74000000,0.00100000
1676328881,B,21653.71000000,0.00100000
1676328881,B,21653.70000000,0.00070000
1676328881,B,21653.66000000,0.00067000
1676328881,B,21653.64000000,0.00600000
1676328881,B,21653.63000000,0.00065000
1676328881,B,21653.62000000,0.09591000
1676328881,A,21654.26000000,0.03868000
1676328881,A,21654.27000000,0.05547000
1676328881,A,21654.28000000,0.03024000
1676328881,A,21654.30000000,0.46000000
1676328881,A,21654.31000000,0.11564000
1676328881,A,21654.39000000,0.04000000
1676328881,A,21654.46000000,0.02897000
1676328881,A,21654.47000000,0.11564000
1676328881,A,21654.49000000,0.04780000
1676328881,A,21654.54000000,0.00070000
1676328881,A,21654.70000000,0.00165000
1676328881,A,21654.71000000,0.09235000
1676328881,A,21654.73000000,0.75486000
1676328881,A,21654.74000000,0.48486000
1676328881,A,21654.75000000,0.16162000
1676328881,A,21654.76000000,0.14421000
1676328881,A,21654.89000000,0.13695000
1676328881,A,21654.90000000,0.04611000
1676328881,A,21654.91000000,0.02837000
1676328881,A,21654.96000000,0.00070000
1676328882,B,21652.86000000,0.00070000
1676328882,B,21652.78000000,0.01751000
1676328882,B,21652.68000000,0.00067000
1676328882,B,21652.53000000,0.00065000
1676328882,B,21652.48000000,0.00100000
1676328882,B,21652.47000000,0.00100000
1676328882,B,21652.46000000,0.00100000
1676328882,B,21652.44000000,0.00400000
1676328882,B,21652.43000000,0.00400000
1676328882,B,21652.19000000,0.00165000
1676328882,B,21652.13000000,0.01278000
1676328882,B,21652.03000000,0.00315000
1676328882,B,21652.02000000,0.00170000
1676328882,B,21652.01000000,0.00131000
1676328882,B,21652.00000000,0.03309000
1676328882,B,21651.98000000,0.00065000
1676328882,B,21651.95000000,0.00158000
1676328882,B,21651.94000000,0.10669000
1676328882,B,21651.93000000,0.01100000
1676328882,B,21651.91000000,0.24185000
1676328882,A,21653.13000000,0.04241000
1676328882,A,21653.14000000,0.04000000
1676328882,A,21653.33000000,0.05204000
1676328882,A,21653.35000000,0.03815000
1676328882,A,21653.37000000,0.02725000
1676328882,A,21653.40000000,0.00911000
1676328882,A,21653.42000000,0.03838000
1676328882,A,21653.43000000,0.00255000
1676328882,A,21653.44000000,0.14540000
1676328882,A,21653.45000000,0.16678000
1676328882,A,21653.47000000,0.03788000
1676328882,A,21653.48000000,0.04932000
1676328882,A,21653.49000000,0.00100000
1676328882,A,21653.51000000,0.43442000
1676328882,A,21653.52000000,0.03845000
1676328882,A,21653.63000000,0.00065000
1676328882,A,21653.67000000,0.16163000
1676328882,A,21653.69000000,0.14422000
1676328882,A,21653.70000000,0.00070000
1676328882,A,21653.71000000,0.16163000
1676328883,B,21652.12000000,0.01206000
1676328883,B,21652.02000000,0.00270000
1676328883,B,21652.00000000,0.03309000
1676328883,B,21651.98000000,0.00065000
1676328883,B,21651.96000000,0.00100000
1676328883,B,21651.94000000,0.00100000
1676328883,B,21651.93000000,0.01100000
1676328883,B,21651.87000000,0.01385000
1676328883,B,21651.76000000,0.01000000
1676328883,B,21651.70000000,0.00067000
1676328883,B,21651.69000000,0.01500000
1676328883,B,21651.63000000,0.01000000
1676328883,B,21651.60000000,0.00070000
1676328883,B,21651.49000000,0.09937000
1676328883,B,21651.47000000,0.01009000
1676328883,B,21651.45000000,0.09229000
1676328883,B,21651.44000000,0.09637000
1676328883,B,21651.43000000,0.00165000
1676328883,B,21651.42000000,0.00525000
1676328883,B,21651.41000000,0.07629000
1676328883,A,21652.35000000,0.04000000
1676328883,A,21652.42000000,0.00055000
1676328883,A,21652.43000000,0.00943000
1676328883,A,21652.44000000,0.04796000
1676328883,A,21652.77000000,0.03268000
1676328883,A,21652.78000000,0.09236000
1676328883,A,21652.80000000,0.14540000
1676328883,A,21652.82000000,0.17650000
1676328883,A,21652.83000000,0.32328000
1676328883,A,21652.84000000,0.30586000
1676328883,A,21652.86000000,0.00070000
1676328883,A,21652.89000000,0.48492000
1676328883,A,21652.90000000,0.01000000
1676328883,A,21652.91000000,0.13622000
1676328883,A,21653.05000000,0.00100000
1676328883,A,21653.06000000,0.11547000
1676328883,A,21653.08000000,0.00065000
1676328883,A,21653.09000000,0.04801000
1676328883,A,21653.11000000,0.00100000
1676328883,A,21653.12000000,0.02386000
1676328884,B,21651.42000000,0.00047000
1676328884,B,21650.97000000,0.09237000
1676328884,B,21650.96000000,0.07429000
1676328884,B,21650.95000000,0.09492000
1676328884,B,21650.94000000,0.09237000
1676328884,B,21650.91000000,0.32126000
1676328884,B,21650.89000000,0.04000000
1676328884,B,21650.88000000,0.09302000
1676328884,B,21650.87000000,0.09237000
1676328884,B,21650.76000000,0.00070000
1676328884,B,21650.72000000,0.00067000
1676328884,B,21650.58000000,0.00165000
1676328884,B,21650.52000000,0.00100000
1676328884,B,21650.50000000,0.00100000
1676328884,B,21650.47000000,0.00060000
1676328884,B,21650.45000000,0.00060000
1676328884,B,21650.43000000,0.00700000
1676328884,B,21650.41000000,0.00100000
1676328884,B,21650.39000000,0.00060000
1676328884,B,21650.38000000,0.54659000
1676328884,A,21651.60000000,0.00070000
1676328884,A,21651.71000000,0.00911000
1676328884,A,21651.73000000,0.04000000
1676328884,A,21651.88000000,0.00200000
1676328884,A,21651.89000000,0.00100000
1676328884,A,21651.90000000,0.00600000
1676328884,A,21651.96000000,0.00100000
1676328884,A,21651.98000000,0.00065000
1676328884,A,21651.99000000,0.01570000
1676328884,A,21652.02000000,0.00070000
1676328884,A,21652.06000000,0.02251000
1676328884,A,21652.07000000,0.26938000
1676328884,A,21652.08000000,0.00120000
1676328884,A,21652.09000000,0.46751000
1676328884,A,21652.11000000,0.02673000
1676328884,A,21652.12000000,0.00100000
1676328884,A,21652.14000000,0.00100000
1676328884,A,21652.15000000,0.04534000
1676328884,A,21652.16000000,0.00100000
1676328884,A,21652.19000000,0.03607000
1676328885,B,21651.18000000,0.00070000
1676328885,B,21651.14000000,0.00030000
1676328885,B,21651.13000000,0.05490000
1676328885,B,21651.12000000,0.00300000
1676328885,B,21651.11000000,0.02000000
1676328885,B,21651.08000000,0.00200000
1676328885,B,21651.07000000,0.25105000
1676328885,B,21651.05000000,0.00100000
1676328885,B,21651.04000000,0.00315000
1676328885,B,21651.03000000,0.00599000
1676328885,B,21651.02000000,0.00622000
1676328885,B,21650.95000000,0.09282000
1676328885,B,21650.89000000,0.04000000
1676328885,B,21650.88000000,0.00065000
1676328885,B,21650.76000000,0.00070000
1676328885,B,21650.72000000,0.00067000
1676328885,B,21650.58000000,0.00165000
1676328885,B,21650.54000000,0.00100000
1676328885,B,21650.52000000,0.00100000
1676328885,B,21650.47000000,0.00060000
1676328885,A,21651.83000000,0.00112000
1676328885,A,21651.84000000,0.00878000
1676328885,A,21651.92000000,0.00911000
1676328885,A,21651.98000000,0.00065000
1676328885,A,21652.00000000,0.04818000
1676328885,A,21652.02000000,0.00070000
1676328885,A,21652.13000000,0.00100000
1676328885,A,21652.18000000,0.00783000
1676328885,A,21652.19000000,0.16164000
1676328885,A,21652.23000000,0.09336000
1676328885,A,21652.24000000,0.00100000
1676328885,A,21652.25000000,0.00200000
1676328885,A,21652.26000000,0.09236000
1676328885,A,21652.28000000,0.16164000
1676328885,A,21652.31000000,0.00100000
1676328885,A,21652.33000000,0.16164000
1676328885,A,21652.34000000,0.13578000
1676328885,A,21652.35000000,0.02567000
1676328885,A,21652.37000000,0.07953000
1676328885,A,21652.39000000,0.06353000
1676328886,B,21651.31000000,0.02782000
1676328886,B,21651.30000000,0.05490000
1676328886,B,21651.29000000,0.00911000
1676328886,B,21651.19000000,0.00355000
1676328886,B,21651.18000000,0.18567000
1676328886,B,21651.15000000,0.00047000
1676328886,B,21651.08000000,0.00200000
1676328886,B,21651.05000000,0.00100000
1676328886,B,21650.99000000,0.00100000
1676328886,B,21650.98000000,0.13567000
1676328886,B,21650.95000000,0.09282000
1676328886,B,21650.89000000,0.04000000
1676328886,B,21650.88000000,0.00065000
1676328886,B,21650.81000000,0.09237000
1676328886,B,21650.79000000,0.09237000
1676328886,B,21650.76000000,0.00070000
1676328886,B,21650.75000000,0.27506000
1676328886,B,21650.74000000,0.21799000
1676328886,B,21650.72000000,0.00067000
1676328886,B,21650.69000000,0.09237000
1676328886,A,21651.89000000,0.02412000
1676328886,A,21651.90000000,0.02911000
1676328886,A,21651.98000000,0.00065000
1676328886,A,21652.02000000,0.00070000
1676328886,A,21652.04000000,0.00100000
1676328886,A,21652.07000000,0.00100000
1676328886,A,21652.14000000,0.00048000
1676328886,A,21652.16000000,0.00200000
1676328886,A,21652.17000000,0.00100000
1676328886,A,21652.22000000,0.00100000
1676328886,A,21652.23000000,0.00100000
1676328886,A,21652.25000000,0.00299000
1676328886,A,21652.26000000,0.00100000
1676328886,A,21652.27000000,0.00200000
1676328886,A,21652.30000000,0.01400000
1676328886,A,21652.31000000,0.00100000
1676328886,A,21652.32000000,0.03971000
1676328886,A,21652.34000000,0.13567000
1676328886,A,21652.35000000,0.02667000
1676328886,A,21652.36000000,0.00300000
1676328887,B,21652.01000000,0.00911000
1676328887,B,21651.97000000,0.00088000
1676328887,B,21651.67000000,0.05606000
1676328887,B,21651.66000000,0.01283000
1676328887,B,21651.64000000,0.44912000
1676328887,B,21651.60000000,0.00170000
1676328887,B,21651.50000000,0.09237000
1676328887,B,21651.49000000,0.09237000
1676328887,B,21651.48000000,0.51673000
1676328887,B,21651.46000000,0.16165000
1676328887,B,21651.45000000,0.27461000
1676328887,B,21651.43000000,0.00065000
1676328887,B,21651.42000000,0.00225000
1676328887,B,21651.39000000,0.16153000
1676328887,B,21651.36000000,0.00047000
1676328887,B,21651.35000000,0.00363000
1676328887,B,21651.32000000,0.00100000
1676328887,B,21651.30000000,0.09237000
1676328887,B,21651.29000000,0.00400000
1676328887,B,21651.19000000,0.24979000
1676328887,A,21652.37000000,0.00047000
1676328887,A,21652.44000000,0.00070000
1676328887,A,21652.53000000,0.00065000
1676328887,A,21652.63000000,0.00100000
1676328887,A,21652.64000000,0.14641000
1676328887,A,21652.65000000,0.01000000
1676328887,A,21652.66000000,0.00600000
1676328887,A,21652.68000000,0.00067000
1676328887,A,21652.77000000,0.00100000
1676328887,A,21652.79000000,0.03121000
1676328887,A,21652.83000000,0.00100000
1676328887,A,21652.86000000,0.00070000
1676328887,A,21652.90000000,0.01000000
1676328887,A,21653.00000000,0.01500000
1676328887,A,21653.07000000,0.00100000
1676328887,A,21653.08000000,0.13588000
1676328887,A,21653.09000000,0.04807000
1676328887,A,21653.11000000,0.00100000
1676328887,A,21653.13000000,0.04241000
1676328887,A,21653.17000000,0.00100000
1676328888,B,21652.04000000,0.00864000
1676328888,B,21652.02000000,0.00117000
1676328888,B,21652.01000000,0.01385000
