time,side,price,qty
1676328824,B,1491.83000000,17.02870000
1676328824,B,1491.77000000,0.09550000
1676328824,B,1491.76000000,0.01000000
1676328824,B,1491.75000000,0.02010000
1676328824,B,1491.70000000,0.01200000
1676328824,B,1491.67000000,0.68410000
1676328824,B,1491.63000000,0.04200000
1676328824,B,1491.61000000,0.10000000
1676328824,B,1491.60000000,1.84950000
1676328824,B,1491.59000000,2.70000000
1676328824,B,1491.58000000,0.01030000
1676328824,B,1491.56000000,0.01200000
1676328824,B,1491.54000000,0.20000000
1676328824,B,1491.52000000,5.00000000
1676328824,B,1491.51000000,2.44680000
1676328824,B,1491.49000000,0.74810000
1676328824,B,1491.45000000,3.11570000
1676328824,B,1491.42000000,0.04880000
1676328824,B,1491.41000000,1.85900000
1676328824,B,1491.40000000,3.36020000
1676328824,A,1491.84000000,26.21320000
1676328824,A,1491.85000000,0.01030000
1676328824,A,1491.90000000,0.80940000
1676328824,A,1491.91000000,0.01200000
1676328824,A,1491.93000000,0.25480000
1676328824,A,1491.94000000,0.67560000
1676328824,A,1491.98000000,2.48300000
1676328824,A,1491.99000000,4.50000000
1676328824,A,1492.00000000,1.58270000
1676328824,A,1492.02000000,0.01500000
1676328824,A,1492.03000000,0.01030000
1676328824,A,1492.04000000,0.03000000
1676328824,A,1492.05000000,1.35250000
1676328824,A,1492.06000000,3.34950000
1676328824,A,1492.09000000,2.70000000
1676328824,A,1492.12000000,0.02230000
1676328824,A,1492.15000000,3.72670000
1676328824,A,1492.16000000,5.81670000
1676328824,A,1492.17000000,1.16250000
1676328824,A,1492.19000000,0.73780000
1676328825,B,1491.83000000,14.76720000
1676328825,B,1491.78000000,0.16750000
1676328825,B,1491.77000000,0.43050000
1676328825,B,1491.76000000,0.01000000
1676328825,B,1491.74000000,0.01000000
1676328825,B,1491.70000000,0.01200000
1676328825,B,1491.67000000,0.68410000
1676328825,B,1491.63000000,0.04200000
1676328825,B,1491.61000000,0.10000000
1676328825,B,1491.60000000,1.84950000
1676328825,B,1491.59000000,2.70000000
1676328825,B,1491.58000000,0.01030000
1676328825,B,1491.56000000,0.01200000
1676328825,B,1491.54000000,2.00150000
1676328825,B,1491.52000000,0.97930000
1676328825,B,1491.51000000,2.44680000
1676328825,B,1491.49000000,0.74810000
1676328825,B,1491.48000000,1.15500000
1676328825,B,1491.45000000,3.11570000
1676328825,B,1491.43000000,1.89620000
1676328825,A,1491.84000000,26.30730000
1676328825,A,1491.85000000,0.01030000
1676328825,A,1491.90000000,0.80940000
1676328825,A,1491.91000000,0.01200000
1676328825,A,1491.93000000,0.25480000
1676328825,A,1491.94000000,0.67560000
1676328825,A,1491.98000000,2.48300000
1676328825,A,1491.99000000,4.50000000
1676328825,A,1492.00000000,1.58270000
1676328825,A,1492.02000000,0.01500000
1676328825,A,1492.03000000,0.01030000
1676328825,A,1492.04000000,0.03000000
1676328825,A,1492.05000000,1.35250000
1676328825,A,1492.06000000,3.34950000
1676328825,A,1492.09000000,2.70000000
1676328825,A,1492.12000000,0.02230000
1676328825,A,1492.13000000,1.94590000
1676328825,A,1492.15000000,3.72670000
1676328825,A,1492.16000000,5.81670000
1676328825,A,1492.17000000,3.13250000
1676328826,B,1491.83000000,10.08970000
1676328826,B,1491.78000000,0.16750000
1676328826,B,1491.77000000,0.43050000
1676328826,B,1491.76000000,0.01000000
1676328826,B,1491.74000000,0.01000000
1676328826,B,1491.70000000,0.01200000
1676328826,B,1491.67000000,0.68410000
1676328826,B,1491.63000000,0.04200000
1676328826,B,1491.61000000,0.10000000
1676328826,B,1491.60000000,1.84950000
1676328826,B,1491.59000000,2.70000000
1676328826,B,1491.58000000,0.01030000
1676328826,B,1491.56000000,0.01200000
1676328826,B,1491.54000000,2.00150000
1676328826,B,1491.52000000,0.97930000
1676328826,B,1491.51000000,2.44680000
1676328826,B,1491.49000000,0.74810000
1676328826,B,1491.48000000,1.15500000
1676328826,B,1491.46000000,1.24690000
1676328826,B,1491.45000000,3.11570000
1676328826,A,1491.84000000,29.66780000
1676328826,A,1491.85000000,0.01030000
1676328826,A,1491.90000000,0.80940000
1676328826,A,1491.91000000,0.01200000
1676328826,A,1491.93000000,0.25480000
1676328826,A,1491.94000000,0.67560000
1676328826,A,1491.98000000,2.48300000
1676328826,A,1491.99000000,4.50000000
1676328826,A,1492.00000000,1.58270000
1676328826,A,1492.02000000,0.01500000
1676328826,A,1492.03000000,0.01030000
1676328826,A,1492.04000000,0.03000000
1676328826,A,1492.05000000,1.35250000
1676328826,A,1492.06000000,3.34950000
1676328826,A,1492.08000000,2.79980000
1676328826,A,1492.09000000,2.70000000
1676328826,A,1492.12000000,0.02230000
1676328826,A,1492.13000000,1.94590000
1676328826,A,1492.15000000,3.72670000
1676328826,A,1492.16000000,5.81670000
1676328827,B,1491.49000000,5.56590000
1676328827,B,1491.46000000,1.20630000
1676328827,B,1491.45000000,3.01570000
1676328827,B,1491.43000000,0.10000000
1676328827,B,1491.42000000,0.04880000
1676328827,B,1491.40000000,0.01030000
1676328827,B,1491.36000000,0.03000000
1676328827,B,1491.35000000,0.68580000
1676328827,B,1491.31000000,0.01030000
1676328827,B,1491.30000000,2.16530000
1676328827,B,1491.29000000,2.70000000
1676328827,B,1491.28000000,5.41200000
1676328827,B,1491.23000000,0.29990000
1676328827,B,1491.22000000,0.01030000
1676328827,B,1491.21000000,0.44920000
1676328827,B,1491.18000000,7.83450000
1676328827,B,1491.17000000,2.83990000
1676328827,B,1491.16000000,0.54670000
1676328827,B,1491.15000000,4.15300000
1676328827,B,1491.14000000,8.63350000
1676328827,A,1491.50000000,25.20490000
1676328827,A,1491.52000000,1.00000000
1676328827,A,1491.53000000,2.58570000
1676328827,A,1491.54000000,1.03420000
1676328827,A,1491.55000000,2.58570000
1676328827,A,1491.56000000,0.01200000
1676328827,A,1491.58000000,0.01030000
1676328827,A,1491.59000000,2.68200000
1676328827,A,1491.60000000,3.25630000
1676328827,A,1491.61000000,2.58570000
1676328827,A,1491.62000000,0.25480000
1676328827,A,1491.63000000,1.01770000
1676328827,A,1491.67000000,1.04530000
1676328827,A,1491.68000000,2.58570000
1676328827,A,1491.70000000,0.01200000
1676328827,A,1491.71000000,1.28930000
1676328827,A,1491.72000000,3.22100000
1676328827,A,1491.76000000,0.01030000
1676328827,A,1491.77000000,0.01200000
1676328827,A,1491.79000000,5.71060000
1676328828,B,1491.49000000,4.88320000
1676328828,B,1491.46000000,1.20630000
1676328828,B,1491.45000000,3.01570000
1676328828,B,1491.42000000,0.04880000
1676328828,B,1491.40000000,0.01030000
1676328828,B,1491.36000000,0.03000000
1676328828,B,1491.35000000,0.68580000
1676328828,B,1491.31000000,4.51030000
1676328828,B,1491.30000000,2.16530000
1676328828,B,1491.29000000,2.70000000
1676328828,B,1491.28000000,0.41200000
1676328828,B,1491.23000000,0.29990000
1676328828,B,1491.22000000,0.01030000
1676328828,B,1491.21000000,0.44920000
1676328828,B,1491.18000000,7.83450000
1676328828,B,1491.17000000,2.83990000
1676328828,B,1491.16000000,0.54670000
1676328828,B,1491.15000000,4.15300000
1676328828,B,1491.14000000,8.63350000
1676328828,B,1491.13000000,0.04710000
1676328828,A,1491.50000000,24.00950000
1676328828,A,1491.52000000,1.00000000
1676328828,A,1491.56000000,0.01200000
1676328828,A,1491.58000000,1.31300000
1676328828,A,1491.59000000,2.68200000
1676328828,A,1491.60000000,0.68060000
1676328828,A,1491.61000000,2.58570000
1676328828,A,1491.62000000,0.25480000
1676328828,A,1491.63000000,1.01770000
1676328828,A,1491.67000000,1.04460000
1676328828,A,1491.68000000,2.58570000
1676328828,A,1491.70000000,0.04200000
1676328828,A,1491.71000000,1.28930000
1676328828,A,1491.72000000,3.32100000
1676328828,A,1491.74000000,1.14460000
1676328828,A,1491.76000000,0.01030000
1676328828,A,1491.77000000,0.01200000
1676328828,A,1491.78000000,4.25360000
1676328828,A,1491.79000000,5.71060000
1676328828,A,1491.80000000,2.70000000
1676328829,B,1491.49000000,4.57360000
1676328829,B,1491.46000000,1.20690000
1676328829,B,1491.45000000,3.01570000
1676328829,B,1491.42000000,0.04880000
1676328829,B,1491.40000000,0.01030000
1676328829,B,1491.36000000,0.03000000
1676328829,B,1491.35000000,0.68580000
1676328829,B,1491.32000000,1.80410000
1676328829,B,1491.31000000,0.01030000
1676328829,B,1491.29000000,2.70000000
1676328829,B,1491.28000000,0.41200000
1676328829,B,1491.23000000,0.29990000
1676328829,B,1491.22000000,0.01030000
1676328829,B,1491.21000000,0.44920000
1676328829,B,1491.18000000,7.83450000
1676328829,B,1491.17000000,2.83990000
1676328829,B,1491.16000000,0.54670000
1676328829,B,1491.15000000,4.15300000
1676328829,B,1491.14000000,8.63350000
1676328829,B,1491.13000000,0.04710000
1676328829,A,1491.50000000,27.42220000
1676328829,A,1491.52000000,1.00000000
1676328829,A,1491.56000000,0.01200000
1676328829,A,1491.58000000,1.31300000
1676328829,A,1491.59000000,2.68200000
1676328829,A,1491.60000000,0.86430000
1676328829,A,1491.61000000,2.58570000
1676328829,A,1491.63000000,1.01770000
1676328829,A,1491.67000000,1.04460000
1676328829,A,1491.68000000,2.58570000
1676328829,A,1491.70000000,0.04200000
1676328829,A,1491.71000000,1.28930000
1676328829,A,1491.72000000,3.32100000
1676328829,A,1491.74000000,1.14460000
1676328829,A,1491.76000000,0.01030000
1676328829,A,1491.77000000,1.92250000
1676328829,A,1491.78000000,4.25360000
1676328829,A,1491.79000000,5.71060000
1676328829,A,1491.80000000,2.70000000
1676328829,A,1491.82000000,0.01500000
1676328830,B,1491.49000000,4.88320000
1676328830,B,1491.46000000,1.20690000
1676328830,B,1491.45000000,3.01570000
1676328830,B,1491.43000000,0.33960000
1676328830,B,1491.42000000,0.04880000
1676328830,B,1491.40000000,0.01030000
1676328830,B,1491.36000000,0.03000000
1676328830,B,1491.35000000,0.68580000
1676328830,B,1491.32000000,1.80410000
1676328830,B,1491.31000000,0.01030000
1676328830,B,1491.29000000,2.70000000
1676328830,B,1491.28000000,0.41200000
1676328830,B,1491.23000000,0.29990000
1676328830,B,1491.22000000,0.01030000
1676328830,B,1491.21000000,0.44920000
1676328830,B,1491.18000000,7.83450000
1676328830,B,1491.17000000,2.83990000
1676328830,B,1491.16000000,0.54670000
1676328830,B,1491.15000000,4.15300000
1676328830,B,1491.14000000,8.63350000
1676328830,A,1491.50000000,20.92240000
1676328830,A,1491.52000000,1.00000000
1676328830,A,1491.56000000,0.01200000
1676328830,A,1491.58000000,1.31300000
1676328830,A,1491.59000000,2.68200000
1676328830,A,1491.60000000,0.68060000
1676328830,A,1491.61000000,2.58570000
1676328830,A,1491.63000000,1.01770000
1676328830,A,1491.67000000,1.04460000
1676328830,A,1491.68000000,2.58570000
1676328830,A,1491.70000000,0.04200000
1676328830,A,1491.71000000,1.28930000
1676328830,A,1491.72000000,3.32100000
1676328830,A,1491.74000000,1.14460000
1676328830,A,1491.76000000,0.01030000
1676328830,A,1491.77000000,1.92250000
1676328830,A,1491.78000000,4.25360000
1676328830,A,1491.79000000,5.71060000
1676328830,A,1491.80000000,2.70000000
1676328830,A,1491.82000000,0.01500000
1676328831,B,1491.45000000,3.03680000
1676328831,B,1491.42000000,0.01200000
1676328831,B,1491.40000000,0.01030000
1676328831,B,1491.35000000,0.01200000
1676328831,B,1491.31000000,0.01030000
1676328831,B,1491.28000000,0.41200000
1676328831,B,1491.25000000,0.03000000
1676328831,B,1491.24000000,0.67380000
1676328831,B,1491.22000000,0.01030000
1676328831,B,1491.21000000,0.44920000
1676328831,B,1491.18000000,7.83450000
1676328831,B,1491.17000000,6.83560000
1676328831,B,1491.16000000,0.54670000
1676328831,B,1491.15000000,1.15660000
1676328831,B,1491.14000000,8.63350000
1676328831,B,1491.13000000,0.04710000
1676328831,B,1491.11000000,0.01500000
1676328831,B,1491.07000000,0.98320000
1676328831,B,1491.06000000,0.53700000
1676328831,B,1491.05000000,0.08210000
1676328831,A,1491.46000000,26.77620000
1676328831,A,1491.49000000,6.29330000
1676328831,A,1491.50000000,0.73120000
1676328831,A,1491.52000000,1.00570000
1676328831,A,1491.53000000,3.68770000
1676328831,A,1491.55000000,0.25480000
1676328831,A,1491.56000000,2.09070000
1676328831,A,1491.58000000,0.01030000
1676328831,A,1491.63000000,0.01200000
1676328831,A,1491.67000000,0.01030000
1676328831,A,1491.68000000,1.08080000
1676328831,A,1491.69000000,2.70000000
1676328831,A,1491.70000000,0.04200000
1676328831,A,1491.72000000,3.32170000
1676328831,A,1491.74000000,1.94460000
1676328831,A,1491.75000000,3.84450000
1676328831,A,1491.76000000,8.01030000
1676328831,A,1491.77000000,5.93840000
1676328831,A,1491.78000000,1.96940000
1676328831,A,1491.79000000,0.12850000
1676328832,B,1491.45000000,3.03680000
1676328832,B,1491.42000000,0.01200000
1676328832,B,1491.40000000,0.01030000
1676328832,B,1491.35000000,0.01200000
1676328832,B,1491.31000000,0.01030000
1676328832,B,1491.30000000,1.49470000
1676328832,B,1491.29000000,3.32470000
1676328832,B,1491.28000000,0.41200000
1676328832,B,1491.25000000,1.83430000
1676328832,B,1491.24000000,0.67380000
1676328832,B,1491.22000000,4.51030000
1676328832,B,1491.21000000,0.44920000
1676328832,B,1491.18000000,7.83450000
1676328832,B,1491.17000000,6.83560000
1676328832,B,1491.16000000,0.54670000
1676328832,B,1491.15000000,1.15660000
1676328832,B,1491.14000000,8.63350000
1676328832,B,1491.13000000,0.04710000
1676328832,B,1491.11000000,0.01500000
1676328832,B,1491.10000000,0.72570000
1676328832,A,1491.46000000,30.14980000
1676328832,A,1491.49000000,6.29330000
1676328832,A,1491.50000000,0.67080000
1676328832,A,1491.51000000,1.47500000
1676328832,A,1491.52000000,1.00570000
1676328832,A,1491.53000000,3.68770000
1676328832,A,1491.55000000,0.25480000
1676328832,A,1491.56000000,1.02770000
1676328832,A,1491.58000000,0.01030000
1676328832,A,1491.63000000,0.01200000
1676328832,A,1491.65000000,1.96310000
1676328832,A,1491.67000000,0.01030000
1676328832,A,1491.68000000,1.18080000
1676328832,A,1491.69000000,2.70000000
1676328832,A,1491.70000000,0.04200000
1676328832,A,1491.72000000,3.22170000
1676328832,A,1491.74000000,1.94460000
1676328832,A,1491.75000000,3.84450000
1676328832,A,1491.76000000,8.01030000
1676328832,A,1491.77000000,5.93840000
1676328833,B,1491.45000000,3.01250000
1676328833,B,1491.42000000,0.01200000
1676328833,B,1491.40000000,0.01030000
1676328833,B,1491.35000000,0.01200000
1676328833,B,1491.31000000,0.01030000
1676328833,B,1491.30000000,1.49470000
1676328833,B,1491.29000000,3.32470000
1676328833,B,1491.28000000,0.41200000
1676328833,B,1491.25000000,0.03000000
1676328833,B,1491.24000000,0.67380000
1676328833,B,1491.22000000,0.01030000
1676328833,B,1491.21000000,0.44920000
1676328833,B,1491.18000000,7.83450000
1676328833,B,1491.17000000,6.83560000
1676328833,B,1491.16000000,0.54670000
1676328833,B,1491.15000000,1.15660000
1676328833,B,1491.14000000,8.63350000
1676328833,B,1491.13000000,0.04710000
1676328833,B,1491.11000000,0.01500000
1676328833,B,1491.10000000,0.72570000
1676328833,A,1491.46000000,30.14980000
1676328833,A,1491.49000000,6.00440000
1676328833,A,1491.50000000,0.78400000
1676328833,A,1491.51000000,1.47500000
1676328833,A,1491.52000000,1.00570000
1676328833,A,1491.53000000,3.68770000
1676328833,A,1491.55000000,0.25480000
1676328833,A,1491.56000000,1.02770000
1676328833,A,1491.58000000,0.01030000
1676328833,A,1491.63000000,0.01200000
1676328833,A,1491.65000000,1.96310000
1676328833,A,1491.67000000,0.01030000
1676328833,A,1491.68000000,1.18080000
1676328833,A,1491.69000000,2.70000000
1676328833,A,1491.70000000,0.04200000
1676328833,A,1491.72000000,3.22170000
1676328833,A,1491.74000000,0.80000000
1676328833,A,1491.75000000,3.84450000
1676328833,A,1491.76000000,8.01030000
1676328833,A,1491.77000000,5.93840000
1676328834,B,1491.45000000,3.01250000
1676328834,B,1491.42000000,0.01200000
1676328834,B,1491.40000000,0.01030000
1676328834,B,1491.35000000,0.01200000
1676328834,B,1491.31000000,0.01030000
1676328834,B,1491.30000000,1.49470000
1676328834,B,1491.29000000,3.32470000
1676328834,B,1491.28000000,0.41200000
1676328834,B,1491.25000000,0.03000000
1676328834,B,1491.24000000,0.67380000
1676328834,B,1491.22000000,0.01030000
1676328834,B,1491.21000000,0.44920000
1676328834,B,1491.18000000,7.83450000
1676328834,B,1491.17000000,6.83560000
1676328834,B,1491.16000000,0.54670000
1676328834,B,1491.15000000,1.15660000
1676328834,B,1491.14000000,8.63350000
1676328834,B,1491.13000000,0.06210000
1676328834,B,1491.10000000,0.72570000
1676328834,B,1491.07000000,0.98320000
1676328834,A,1491.46000000,29.15110000
1676328834,A,1491.49000000,6.00440000
1676328834,A,1491.50000000,0.67080000
1676328834,A,1491.51000000,1.47500000
1676328834,A,1491.52000000,1.00570000
1676328834,A,1491.53000000,3.68770000
1676328834,A,1491.55000000,0.25480000
1676328834,A,1491.56000000,1.02770000
1676328834,A,1491.58000000,0.01030000
1676328834,A,1491.63000000,0.01200000
1676328834,A,1491.64000000,1.25140000
1676328834,A,1491.65000000,3.12840000
1676328834,A,1491.67000000,0.01030000
1676328834,A,1491.68000000,0.10000000
1676328834,A,1491.69000000,2.70000000
1676328834,A,1491.70000000,0.04200000
1676328834,A,1491.71000000,0.91490000
1676328834,A,1491.72000000,3.22170000
1676328834,A,1491.74000000,0.80000000
1676328834,A,1491.75000000,3.84450000
1676328835,B,1491.45000000,6.64780000
1676328835,B,1491.42000000,0.01200000
1676328835,B,1491.40000000,0.01030000
1676328835,B,1491.35000000,0.01200000
1676328835,B,1491.31000000,0.01030000
1676328835,B,1491.30000000,1.49470000
1676328835,B,1491.29000000,3.32470000
1676328835,B,1491.28000000,0.41200000
1676328835,B,1491.25000000,0.03000000
1676328835,B,1491.24000000,0.67380000
1676328835,B,1491.22000000,0.01030000
1676328835,B,1491.21000000,0.44920000
1676328835,B,1491.18000000,7.83450000
1676328835,B,1491.17000000,6.83560000
1676328835,B,1491.16000000,0.54670000
1676328835,B,1491.15000000,1.15660000
1676328835,B,1491.14000000,8.63350000
1676328835,B,1491.13000000,0.06210000
1676328835,B,1491.10000000,0.72570000
1676328835,B,1491.09000000,1.34080000
1676328835,A,1491.46000000,29.22770000
1676328835,A,1491.49000000,6.00440000
1676328835,A,1491.50000000,0.67080000
1676328835,A,1491.51000000,1.47500000
1676328835,A,1491.52000000,1.00570000
1676328835,A,1491.53000000,3.68770000
1676328835,A,1491.55000000,0.25480000
1676328835,A,1491.56000000,1.02770000
1676328835,A,1491.58000000,0.01030000
1676328835,A,1491.63000000,0.01200000
1676328835,A,1491.64000000,1.25140000
1676328835,A,1491.65000000,3.12840000
1676328835,A,1491.67000000,0.01030000
1676328835,A,1491.68000000,0.10000000
1676328835,A,1491.69000000,2.70000000
1676328835,A,1491.70000000,0.04200000
1676328835,A,1491.71000000,0.91490000
1676328835,A,1491.72000000,3.22170000
1676328835,A,1491.74000000,0.80000000
1676328835,A,1491.75000000,3.84450000
1676328836,B,1491.45000000,7.46030000
1676328836,B,1491.42000000,0.01200000
1676328836,B,1491.40000000,0.01030000
1676328836,B,1491.39000000,0.38780000
1676328836,B,1491.38000000,0.39960000
1676328836,B,1491.35000000,0.01200000
1676328836,B,1491.31000000,0.01030000
1676328836,B,1491.30000000,1.49470000
1676328836,B,1491.29000000,3.32470000
1676328836,B,1491.28000000,0.41200000
1676328836,B,1491.25000000,2.47810000
1676328836,B,1491.24000000,0.67380000
1676328836,B,1491.22000000,1.32990000
1676328836,B,1491.21000000,0.44920000
1676328836,B,1491.18000000,7.83450000
1676328836,B,1491.17000000,6.83560000
1676328836,B,1491.16000000,0.54670000
1676328836,B,1491.15000000,1.15660000
1676328836,B,1491.14000000,8.63350000
1676328836,B,1491.13000000,0.06210000
1676328836,A,1491.46000000,21.15170000
1676328836,A,1491.49000000,6.00440000
1676328836,A,1491.50000000,0.67080000
1676328836,A,1491.51000000,1.47500000
1676328836,A,1491.52000000,1.00570000
1676328836,A,1491.53000000,3.68770000
1676328836,A,1491.56000000,1.19520000
1676328836,A,1491.58000000,0.01030000
1676328836,A,1491.63000000,0.01200000
1676328836,A,1491.64000000,1.25140000
1676328836,A,1491.65000000,3.12840000
1676328836,A,1491.67000000,0.01030000
1676328836,A,1491.68000000,0.10000000
1676328836,A,1491.69000000,2.70000000
1676328836,A,1491.70000000,0.04200000
1676328836,A,1491.72000000,3.22170000
1676328836,A,1491.73000000,1.00000000
1676328836,A,1491.74000000,0.80000000
1676328836,A,1491.75000000,3.84450000
1676328836,A,1491.76000000,8.01030000
1676328837,B,1491.45000000,7.15060000
1676328837,B,1491.44000000,0.07970000
1676328837,B,1491.42000000,0.01200000
1676328837,B,1491.40000000,0.01030000
1676328837,B,1491.35000000,0.01200000
1676328837,B,1491.31000000,0.01030000
1676328837,B,1491.30000000,1.49470000
1676328837,B,1491.29000000,3.32470000
1676328837,B,1491.28000000,0.41200000
1676328837,B,1491.25000000,2.47810000
1676328837,B,1491.24000000,0.67380000
1676328837,B,1491.22000000,1.32990000
1676328837,B,1491.21000000,0.44920000
1676328837,B,1491.18000000,7.83450000
1676328837,B,1491.17000000,6.83560000
1676328837,B,1491.16000000,0.54670000
1676328837,B,1491.15000000,1.15660000
1676328837,B,1491.14000000,8.63350000
1676328837,B,1491.13000000,0.06210000
1676328837,B,1491.10000000,0.72570000
1676328837,A,1491.46000000,23.88990000
1676328837,A,1491.49000000,6.00440000
1676328837,A,1491.50000000,0.67080000
1676328837,A,1491.51000000,1.47500000
1676328837,A,1491.52000000,1.00570000
1676328837,A,1491.53000000,3.68770000
1676328837,A,1491.55000000,0.13810000
1676328837,A,1491.56000000,1.02770000
1676328837,A,1491.58000000,0.01030000
1676328837,A,1491.63000000,0.01200000
1676328837,A,1491.64000000,1.25140000
1676328837,A,1491.65000000,3.12840000
1676328837,A,1491.67000000,0.01030000
1676328837,A,1491.68000000,0.10000000
1676328837,A,1491.69000000,2.70000000
1676328837,A,1491.70000000,0.04200000
1676328837,A,1491.72000000,3.22170000
1676328837,A,1491.73000000,1.00000000
1676328837,A,1491.74000000,0.80000000
1676328837,A,1491.75000000,3.84450000
1676328838,B,1491.45000000,6.74360000
1676328838,B,1491.44000000,0.07970000
1676328838,B,1491.42000000,0.01200000
1676328838,B,1491.40000000,0.01030000
1676328838,B,1491.39000000,0.12500000
1676328838,B,1491.35000000,0.01200000
1676328838,B,1491.31000000,0.01030000
1676328838,B,1491.30000000,1.49470000
1676328838,B,1491.29000000,3.32470000
1676328838,B,1491.28000000,0.41200000
1676328838,B,1491.25000000,2.47810000
1676328838,B,1491.24000000,0.67380000
1676328838,B,1491.22000000,2.18460000
1676328838,B,1491.21000000,0.44920000
1676328838,B,1491.18000000,7.83450000
1676328838,B,1491.17000000,6.83560000
1676328838,B,1491.16000000,0.54670000
1676328838,B,1491.15000000,1.15660000
1676328838,B,1491.14000000,8.63350000
1676328838,B,1491.13000000,0.06210000
1676328838,A,1491.46000000,23.88980000
1676328838,A,1491.49000000,6.00440000
1676328838,A,1491.50000000,0.67080000
1676328838,A,1491.51000000,1.47500000
1676328838,A,1491.52000000,1.00570000
1676328838,A,1491.53000000,3.68770000
1676328838,A,1491.55000000,0.13810000
1676328838,A,1491.56000000,1.02770000
1676328838,A,1491.58000000,0.01030000
1676328838,A,1491.63000000,0.01200000
1676328838,A,1491.64000000,1.25140000
1676328838,A,1491.65000000,3.12840000
1676328838,A,1491.67000000,0.01030000
1676328838,A,1491.68000000,0.10000000
1676328838,A,1491.69000000,2.70000000
1676328838,A,1491.70000000,0.04200000
1676328838,A,1491.72000000,3.22170000
1676328838,A,1491.73000000,1.00000000
1676328838,A,1491.74000000,0.80000000
1676328838,A,1491.75000000,3.84450000
1676328839,B,1491.45000000,5.15870000
1676328839,B,1491.44000000,0.07970000
1676328839,B,1491.42000000,0.01200000
1676328839,B,1491.40000000,0.34540000
1676328839,B,1491.35000000,0.01200000
1676328839,B,1491.31000000,0.01030000
1676328839,B,1491.30000000,1.49470000
1676328839,B,1491.29000000,3.32470000
1676328839,B,1491.28000000,0.41200000
1676328839,B,1491.25000000,0.03000000
1676328839,B,1491.24000000,0.67380000
1676328839,B,1491.22000000,0.86500000
1676328839,B,1491.21000000,0.44920000
1676328839,B,1491.18000000,1.80310000
1676328839,B,1491.17000000,6.83560000
1676328839,B,1491.16000000,0.54670000
1676328839,B,1491.15000000,1.15660000
1676328839,B,1491.14000000,8.63350000
1676328839,B,1491.13000000,0.06210000
1676328839,B,1491.10000000,0.72570000
1676328839,A,1491.46000000,27.80340000
1676328839,A,1491.49000000,6.00440000
1676328839,A,1491.50000000,0.67080000
1676328839,A,1491.51000000,1.47500000
1676328839,A,1491.52000000,1.00570000
1676328839,A,1491.53000000,3.68770000
1676328839,A,1491.55000000,0.17970000
1676328839,A,1491.56000000,1.02770000
1676328839,A,1491.58000000,0.01030000
1676328839,A,1491.63000000,0.01200000
1676328839,A,1491.64000000,1.25140000
1676328839,A,1491.65000000,3.12840000
1676328839,A,1491.67000000,0.01030000
1676328839,A,1491.68000000,0.10000000
1676328839,A,1491.69000000,2.70000000
1676328839,A,1491.70000000,0.04200000
1676328839,A,1491.72000000,3.22170000
1676328839,A,1491.73000000,1.00000000
1676328839,A,1491.74000000,2.53530000
1676328839,A,1491.75000000,3.20000000
1676328840,B,1491.45000000,2.12280000
1676328840,B,1491.44000000,0.07970000
1676328840,B,1491.42000000,0.01200000
1676328840,B,1491.40000000,0.34540000
1676328840,B,1491.35000000,0.01200000
1676328840,B,1491.31000000,0.01030000
1676328840,B,1491.30000000,1.49470000
1676328840,B,1491.29000000,3.32470000
1676328840,B,1491.28000000,0.01200000
1676328840,B,1491.25000000,0.03000000
1676328840,B,1491.24000000,0.67380000
1676328840,B,1491.22000000,0.86500000
1676328840,B,1491.21000000,0.44920000
1676328840,B,1491.18000000,1.80310000
1676328840,B,1491.17000000,6.83560000
1676328840,B,1491.16000000,0.54670000
1676328840,B,1491.15000000,1.35660000
1676328840,B,1491.14000000,8.63350000
1676328840,B,1491.13000000,0.06210000
1676328840,B,1491.10000000,0.72570000
1676328840,A,1491.46000000,26.78400000
1676328840,A,1491.49000000,6.99240000
1676328840,A,1491.50000000,0.67080000
1676328840,A,1491.51000000,1.47500000
1676328840,A,1491.52000000,1.00570000
1676328840,A,1491.53000000,3.68770000
1676328840,A,1491.55000000,0.17970000
1676328840,A,1491.56000000,1.02770000
1676328840,A,1491.58000000,0.01030000
1676328840,A,1491.63000000,0.01200000
1676328840,A,1491.64000000,2.23940000
1676328840,A,1491.65000000,3.12840000
1676328840,A,1491.67000000,0.01030000
1676328840,A,1491.68000000,0.10000000
1676328840,A,1491.69000000,2.70000000
1676328840,A,1491.70000000,0.04200000
1676328840,A,1491.72000000,3.22170000
1676328840,A,1491.73000000,1.00000000
1676328840,A,1491.74000000,2.53530000
1676328840,A,1491.75000000,3.20000000
1676328841,B,1491.45000000,2.03910000
1676328841,B,1491.44000000,0.07970000
1676328841,B,1491.42000000,0.01200000
1676328841,B,1491.40000000,0.01030000
1676328841,B,1491.35000000,0.01200000
1676328841,B,1491.31000000,0.01030000
1676328841,B,1491.28000000,0.01200000
1676328841,B,1491.25000000,0.03000000
1676328841,B,1491.24000000,0.67380000
1676328841,B,1491.23000000,0.10000000
1676328841,B,1491.22000000,0.86500000
1676328841,B,1491.21000000,0.44920000
1676328841,B,1491.18000000,1.80310000
1676328841,B,1491.17000000,6.83560000
1676328841,B,1491.16000000,0.54670000
1676328841,B,1491.15000000,1.35660000
1676328841,B,1491.14000000,8.63350000
1676328841,B,1491.13000000,0.06210000
1676328841,B,1491.10000000,0.72570000
1676328841,B,1491.07000000,1.08320000
1676328841,A,1491.46000000,26.60450000
1676328841,A,1491.49000000,6.99240000
1676328841,A,1491.50000000,0.67080000
1676328841,A,1491.51000000,1.47500000
1676328841,A,1491.52000000,1.00570000
1676328841,A,1491.53000000,3.68770000
1676328841,A,1491.55000000,0.17970000
1676328841,A,1491.56000000,1.02770000
1676328841,A,1491.58000000,0.01030000
1676328841,A,1491.63000000,0.01200000
1676328841,A,1491.64000000,2.23940000
1676328841,A,1491.65000000,3.12840000
1676328841,A,1491.67000000,0.01030000
1676328841,A,1491.69000000,2.70000000
1676328841,A,1491.70000000,0.04200000
1676328841,A,1491.71000000,1.87030000
1676328841,A,1491.72000000,3.22170000
1676328841,A,1491.73000000,1.00000000
1676328841,A,1491.74000000,2.53530000
1676328841,A,1491.75000000,3.20000000
1676328842,B,1491.45000000,0.02250000
1676328842,B,1491.44000000,0.07970000
1676328842,B,1491.42000000,0.01200000
1676328842,B,1491.40000000,0.01030000
1676328842,B,1491.35000000,0.01200000
1676328842,B,1491.31000000,0.01030000
1676328842,B,1491.28000000,0.01200000
1676328842,B,1491.27000000,2.15040000
1676328842,B,1491.26000000,4.67200000
1676328842,B,1491.25000000,0.03000000
1676328842,B,1491.24000000,0.67380000
1676328842,B,1491.23000000,0.10000000
1676328842,B,1491.22000000,0.01030000
1676328842,B,1491.21000000,0.44920000
1676328842,B,1491.18000000,1.80310000
1676328842,B,1491.17000000,6.83560000
1676328842,B,1491.16000000,0.54670000
1676328842,B,1491.15000000,1.35660000
1676328842,B,1491.14000000,8.63350000
1676328842,B,1491.13000000,0.06210000
1676328842,A,1491.46000000,27.60020000
1676328842,A,1491.49000000,6.99240000
1676328842,A,1491.50000000,0.67080000
1676328842,A,1491.51000000,1.47500000
1676328842,A,1491.52000000,1.00570000
1676328842,A,1491.53000000,3.68770000
1676328842,A,1491.55000000,0.17970000
1676328842,A,1491.56000000,1.02770000
1676328842,A,1491.58000000,0.01030000
1676328842,A,1491.63000000,0.01200000
1676328842,A,1491.64000000,2.23940000
1676328842,A,1491.65000000,3.12840000
1676328842,A,1491.67000000,0.01030000
1676328842,A,1491.69000000,2.70000000
1676328842,A,1491.70000000,0.04200000
1676328842,A,1491.71000000,1.87030000
1676328842,A,1491.72000000,3.22170000
1676328842,A,1491.73000000,1.00000000
1676328842,A,1491.74000000,2.53530000
1676328842,A,1491.75000000,3.20000000
1676328843,B,1491.45000000,0.02250000
1676328843,B,1491.44000000,0.07970000
1676328843,B,1491.42000000,0.01200000
1676328843,B,1491.40000000,0.01030000
1676328843,B,1491.35000000,0.01200000
1676328843,B,1491.31000000,0.01030000
1676328843,B,1491.29000000,1.87420000
1676328843,B,1491.28000000,4.68400000
1676328843,B,1491.25000000,0.03000000
1676328843,B,1491.24000000,0.67380000
1676328843,B,1491.23000000,0.10000000
1676328843,B,1491.22000000,0.01030000
1676328843,B,1491.21000000,0.44920000
1676328843,B,1491.18000000,1.80310000
1676328843,B,1491.17000000,7.69030000
1676328843,B,1491.16000000,0.54670000
1676328843,B,1491.15000000,1.35660000
1676328843,B,1491.14000000,8.63350000
1676328843,B,1491.13000000,0.06210000
1676328843,B,1491.10000000,0.72570000
1676328843,A,1491.46000000,26.40660000
1676328843,A,1491.49000000,6.99240000
1676328843,A,1491.50000000,0.67080000
1676328843,A,1491.51000000,2.64480000
1676328843,A,1491.52000000,1.00570000
1676328843,A,1491.53000000,3.68770000
1676328843,A,1491.55000000,0.17970000
1676328843,A,1491.56000000,1.02770000
1676328843,A,1491.58000000,0.01030000
1676328843,A,1491.60000000,0.74830000
1676328843,A,1491.61000000,1.86980000
1676328843,A,1491.63000000,0.01200000
1676328843,A,1491.64000000,2.23940000
1676328843,A,1491.65000000,1.96310000
1676328843,A,1491.67000000,0.01030000
1676328843,A,1491.69000000,2.70000000
1676328843,A,1491.70000000,0.04200000
1676328843,A,1491.72000000,3.22170000
1676328843,A,1491.73000000,1.00000000
1676328843,A,1491.74000000,2.53530000
1676328844,B,1491.45000000,6.73110000
1676328844,B,1491.44000000,0.18690000
1676328844,B,1491.42000000,0.01200000
1676328844,B,1491.40000000,0.01030000
1676328844,B,1491.35000000,0.01200000
1676328844,B,1491.31000000,0.01030000
1676328844,B,1491.29000000,1.98080000
1676328844,B,1491.28000000,0.01200000
1676328844,B,1491.25000000,0.03000000
1676328844,B,1491.24000000,0.67380000
1676328844,B,1491.23000000,0.10000000
1676328844,B,1491.22000000,0.01030000
1676328844,B,1491.21000000,0.44920000
1676328844,B,1491.17000000,6.83560000
1676328844,B,1491.16000000,0.54670000
1676328844,B,1491.15000000,1.35660000
1676328844,B,1491.14000000,8.63350000
1676328844,B,1491.13000000,0.06210000
1676328844,B,1491.10000000,0.72570000
1676328844,B,1491.08000000,1.45150000
1676328844,A,1491.46000000,26.50070000
1676328844,A,1491.49000000,6.99240000
1676328844,A,1491.50000000,0.67080000
1676328844,A,1491.51000000,2.64480000
1676328844,A,1491.52000000,1.00570000
1676328844,A,1491.53000000,3.68770000
1676328844,A,1491.55000000,0.17970000
1676328844,A,1491.56000000,1.02770000
1676328844,A,1491.58000000,0.01030000
1676328844,A,1491.60000000,0.74830000
1676328844,A,1491.61000000,1.86980000
1676328844,A,1491.63000000,0.01200000
1676328844,A,1491.64000000,2.23940000
1676328844,A,1491.65000000,1.96310000
1676328844,A,1491.67000000,0.01030000
1676328844,A,1491.69000000,2.70000000
1676328844,A,1491.70000000,0.04200000
1676328844,A,1491.72000000,3.22170000
1676328844,A,1491.73000000,1.00000000
1676328844,A,1491.74000000,2.53530000
1676328845,B,1491.45000000,6.73110000
1676328845,B,1491.44000000,0.23010000
1676328845,B,1491.42000000,0.01200000
1676328845,B,1491.40000000,0.01030000
1676328845,B,1491.35000000,0.01200000
1676328845,B,1491.31000000,1.81530000
1676328845,B,1491.29000000,0.15040000
1676328845,B,1491.28000000,0.01200000
1676328845,B,1491.25000000,0.03000000
1676328845,B,1491.24000000,0.67380000
1676328845,B,1491.23000000,0.10000000
1676328845,B,1491.22000000,0.01030000
1676328845,B,1491.21000000,0.44920000
1676328845,B,1491.17000000,6.83560000
1676328845,B,1491.16000000,1.40140000
1676328845,B,1491.15000000,1.35660000
1676328845,B,1491.14000000,8.63350000
1676328845,B,1491.13000000,0.04710000
1676328845,B,1491.10000000,0.72570000
1676328845,B,1491.08000000,1.45150000
1676328845,A,1491.46000000,26.35120000
1676328845,A,1491.49000000,6.99240000
1676328845,A,1491.50000000,0.67080000
1676328845,A,1491.51000000,2.64480000
1676328845,A,1491.52000000,1.00570000
1676328845,A,1491.53000000,3.68770000
1676328845,A,1491.55000000,0.17970000
1676328845,A,1491.56000000,1.02770000
1676328845,A,1491.58000000,0.01030000
1676328845,A,1491.60000000,0.74830000
1676328845,A,1491.61000000,1.86980000
1676328845,A,1491.63000000,0.01200000
1676328845,A,1491.64000000,2.23940000
1676328845,A,1491.65000000,1.96310000
1676328845,A,1491.67000000,0.01030000
1676328845,A,1491.69000000,2.70000000
1676328845,A,1491.70000000,0.04200000
1676328845,A,1491.72000000,3.22170000
1676328845,A,1491.73000000,1.00000000
1676328845,A,1491.74000000,2.53530000
1676328846,B,1491.45000000,6.73110000
1676328846,B,1491.44000000,0.25170000
1676328846,B,1491.42000000,0.01200000
1676328846,B,1491.40000000,0.01030000
1676328846,B,1491.35000000,0.01200000
1676328846,B,1491.31000000,0.01030000
1676328846,B,1491.29000000,0.11960000
1676328846,B,1491.28000000,0.01200000
1676328846,B,1491.25000000,0.03000000
1676328846,B,1491.24000000,0.67380000
1676328846,B,1491.22000000,0.01030000
1676328846,B,1491.21000000,0.44920000
1676328846,B,1491.19000000,2.44750000
1676328846,B,1491.17000000,6.83560000
1676328846,B,1491.16000000,1.40140000
1676328846,B,1491.15000000,1.35660000
1676328846,B,1491.14000000,8.63350000
1676328846,B,1491.13000000,0.06210000
1676328846,B,1491.10000000,0.72570000
1676328846,B,1491.09000000,1.92120000
1676328846,A,1491.46000000,26.35120000
1676328846,A,1491.49000000,6.99240000
1676328846,A,1491.50000000,0.67080000
1676328846,A,1491.51000000,2.64480000
1676328846,A,1491.52000000,1.00570000
1676328846,A,1491.53000000,3.68770000
1676328846,A,1491.55000000,0.17970000
1676328846,A,1491.56000000,1.02770000
1676328846,A,1491.58000000,0.01030000
1676328846,A,1491.60000000,0.74830000
1676328846,A,1491.61000000,1.86980000
1676328846,A,1491.63000000,0.01200000
1676328846,A,1491.64000000,2.23940000
1676328846,A,1491.65000000,1.96310000
1676328846,A,1491.67000000,0.01030000
1676328846,A,1491.69000000,2.70000000
1676328846,A,1491.70000000,0.04200000
1676328846,A,1491.72000000,3.22170000
1676328846,A,1491.73000000,1.00000000
1676328846,A,1491.74000000,2.53530000
1676328847,B,1491.45000000,8.37460000
1676328847,B,1491.44000000,0.66410000
1676328847,B,1491.42000000,0.01200000
1676328847,B,1491.40000000,0.01030000
1676328847,B,1491.37000000,0.36190000
1676328847,B,1491.35000000,0.35740000
1676328847,B,1491.31000000,0.01030000
1676328847,B,1491.29000000,2.40570000
1676328847,B,1491.28000000,0.01200000
1676328847,B,1491.25000000,0.03000000
1676328847,B,1491.24000000,0.67380000
1676328847,B,1491.23000000,0.10000000
1676328847,B,1491.22000000,0.01030000
1676328847,B,1491.21000000,0.44920000
1676328847,B,1491.17000000,6.83560000
1676328847,B,1491.16000000,0.54670000
1676328847,B,1491.15000000,1.35660000
1676328847,B,1491.14000000,8.63350000
1676328847,B,1491.13000000,0.06210000
1676328847,B,1491.10000000,0.72570000
1676328847,A,1491.46000000,24.92520000
1676328847,A,1491.49000000,6.99240000
1676328847,A,1491.50000000,0.67080000
1676328847,A,1491.51000000,2.64480000
1676328847,A,1491.52000000,1.00570000
1676328847,A,1491.53000000,3.68770000
1676328847,A,1491.55000000,0.17970000
1676328847,A,1491.56000000,1.02770000
1676328847,A,1491.58000000,0.01030000
1676328847,A,1491.60000000,0.74830000
1676328847,A,1491.61000000,1.86980000
1676328847,A,1491.63000000,0.01200000
1676328847,A,1491.64000000,2.23940000
1676328847,A,1491.65000000,1.96310000
1676328847,A,1491.67000000,0.01030000
1676328847,A,1491.69000000,2.70000000
1676328847,A,1491.70000000,0.04200000
1676328847,A,1491.72000000,3.22170000
1676328847,A,1491.73000000,1.00000000
1676328847,A,1491.74000000,2.53530000
1676328848,B,1491.45000000,6.30640000
1676328848,B,1491.44000000,0.66410000
1676328848,B,1491.42000000,0.01200000
1676328848,B,1491.40000000,0.01030000
1676328848,B,1491.37000000,0.36190000
1676328848,B,1491.35000000,0.35740000
1676328848,B,1491.31000000,0.01030000
1676328848,B,1491.29000000,0.53200000
1676328848,B,1491.28000000,0.01200000
1676328848,B,1491.25000000,0.03000000
1676328848,B,1491.24000000,0.67380000
1676328848,B,1491.23000000,0.10000000
1676328848,B,1491.22000000,0.01030000
1676328848,B,1491.21000000,0.44920000
1676328848,B,1491.17000000,6.83560000
1676328848,B,1491.16000000,0.54670000
1676328848,B,1491.15000000,1.35660000
1676328848,B,1491.14000000,8.63350000
1676328848,B,1491.13000000,0.06210000
1676328848,B,1491.10000000,0.72570000
1676328848,A,1491.46000000,24.95820000
1676328848,A,1491.49000000,6.99240000
1676328848,A,1491.50000000,0.67080000
1676328848,A,1491.51000000,2.64480000
1676328848,A,1491.52000000,1.00570000
1676328848,A,1491.53000000,3.68770000
1676328848,A,1491.55000000,0.17970000
1676328848,A,1491.56000000,1.02770000
1676328848,A,1491.58000000,0.01030000
1676328848,A,1491.60000000,0.74830000
1676328848,A,1491.61000000,1.86980000
1676328848,A,1491.63000000,0.01200000
1676328848,A,1491.64000000,2.23940000
1676328848,A,1491.65000000,1.96310000
1676328848,A,1491.67000000,0.01030000
1676328848,A,1491.69000000,2.70000000
1676328848,A,1491.70000000,0.04200000
1676328848,A,1491.72000000,3.22170000
1676328848,A,1491.73000000,1.00000000
1676328848,A,1491.74000000,2.53530000
1676328849,B,1491.45000000,5.83210000
1676328849,B,1491.44000000,0.42310000
1676328849,B,1491.42000000,0.01200000
1676328849,B,1491.40000000,0.01030000
1676328849,B,1491.37000000,0.17320000
1676328849,B,1491.35000000,0.14710000
1676328849,B,1491.31000000,0.01030000
1676328849,B,1491.29000000,0.29100000
1676328849,B,1491.28000000,4.68400000
1676328849,B,1491.25000000,0.03000000
1676328849,B,1491.24000000,0.67380000
1676328849,B,1491.22000000,0.01030000
1676328849,B,1491.21000000,0.44920000
1676328849,B,1491.17000000,6.83560000
1676328849,B,1491.16000000,0.54670000
1676328849,B,1491.15000000,1.35660000
1676328849,B,1491.14000000,8.63350000
1676328849,B,1491.13000000,0.06210000
1676328849,B,1491.10000000,0.72570000
1676328849,B,1491.09000000,1.34040000
1676328849,A,1491.46000000,26.57030000
1676328849,A,1491.49000000,6.99240000
1676328849,A,1491.50000000,0.70280000
1676328849,A,1491.51000000,2.64480000
1676328849,A,1491.52000000,1.00570000
1676328849,A,1491.53000000,3.68770000
1676328849,A,1491.55000000,0.17970000
1676328849,A,1491.56000000,1.02770000
1676328849,A,1491.58000000,0.01030000
1676328849,A,1491.60000000,0.74830000
1676328849,A,1491.61000000,1.86980000
1676328849,A,1491.63000000,0.01200000
1676328849,A,1491.64000000,2.23940000
1676328849,A,1491.65000000,1.96310000
1676328849,A,1491.67000000,0.01030000
1676328849,A,1491.69000000,2.70000000
1676328849,A,1491.70000000,0.04200000
1676328849,A,1491.72000000,3.22170000
1676328849,A,1491.73000000,1.00000000
1676328849,A,1491.74000000,2.53530000
1676328850,B,1491.45000000,5.83210000
1676328850,B,1491.44000000,0.42750000
1676328850,B,1491.42000000,0.01200000
1676328850,B,1491.40000000,0.01030000
1676328850,B,1491.37000000,0.17320000
1676328850,B,1491.35000000,0.14710000
1676328850,B,1491.31000000,0.01030000
1676328850,B,1491.29000000,0.29540000
1676328850,B,1491.28000000,0.01200000
1676328850,B,1491.25000000,0.03000000
1676328850,B,1491.24000000,0.67380000
1676328850,B,1491.22000000,0.01030000
1676328850,B,1491.21000000,0.44920000
1676328850,B,1491.17000000,6.83560000
1676328850,B,1491.16000000,0.54670000
1676328850,B,1491.15000000,1.35660000
1676328850,B,1491.14000000,8.63350000
1676328850,B,1491.13000000,0.04710000
1676328850,B,1491.10000000,0.72570000
1676328850,B,1491.09000000,1.34040000
1676328850,A,1491.46000000,26.46060000
1676328850,A,1491.49000000,6.99240000
1676328850,A,1491.50000000,0.70280000
1676328850,A,1491.51000000,2.64480000
1676328850,A,1491.52000000,1.00570000
1676328850,A,1491.53000000,3.68770000
1676328850,A,1491.55000000,0.17970000
1676328850,A,1491.56000000,1.02770000
1676328850,A,1491.58000000,0.01030000
1676328850,A,1491.60000000,0.74830000
1676328850,A,1491.61000000,1.86980000
1676328850,A,1491.63000000,0.01200000
1676328850,A,1491.64000000,2.23940000
1676328850,A,1491.65000000,1.96310000
1676328850,A,1491.67000000,0.01030000
1676328850,A,1491.69000000,2.70000000
1676328850,A,1491.70000000,0.04200000
1676328850,A,1491.71000000,0.03790000
1676328850,A,1491.72000000,3.22170000
1676328850,A,1491.73000000,1.00000000
1676328851,B,1491.45000000,5.83210000
1676328851,B,1491.44000000,0.41880000
1676328851,B,1491.42000000,0.01200000
1676328851,B,1491.40000000,0.01030000
1676328851,B,1491.37000000,0.17320000
1676328851,B,1491.35000000,0.14710000
1676328851,B,1491.31000000,0.01030000
1676328851,B,1491.29000000,0.29540000
1676328851,B,1491.28000000,0.01200000
1676328851,B,1491.27000000,2.08160000
1676328851,B,1491.26000000,4.50000000
1676328851,B,1491.25000000,0.03000000
1676328851,B,1491.24000000,0.67380000
1676328851,B,1491.22000000,0.01030000
1676328851,B,1491.21000000,0.44920000
1676328851,B,1491.17000000,6.83560000
1676328851,B,1491.16000000,0.54670000
1676328851,B,1491.15000000,1.35660000
1676328851,B,1491.14000000,8.63350000
1676328851,B,1491.13000000,0.06210000
1676328851,A,1491.46000000,27.50170000
1676328851,A,1491.49000000,6.99240000
1676328851,A,1491.50000000,0.67080000
1676328851,A,1491.51000000,2.64480000
1676328851,A,1491.52000000,1.00570000
1676328851,A,1491.53000000,3.68770000
1676328851,A,1491.55000000,0.17970000
1676328851,A,1491.56000000,1.02770000
1676328851,A,1491.58000000,0.01030000
1676328851,A,1491.60000000,0.74830000
1676328851,A,1491.61000000,1.86980000
1676328851,A,1491.63000000,0.01200000
1676328851,A,1491.64000000,2.23940000
1676328851,A,1491.65000000,1.96310000
1676328851,A,1491.67000000,0.01030000
1676328851,A,1491.69000000,2.70000000
1676328851,A,1491.70000000,0.04200000
1676328851,A,1491.71000000,0.03790000
1676328851,A,1491.72000000,3.22170000
1676328851,A,1491.73000000,1.00000000
1676328852,B,1491.45000000,4.26600000
1676328852,B,1491.44000000,0.29540000
1676328852,B,1491.42000000,0.01200000
1676328852,B,1491.40000000,0.01030000
1676328852,B,1491.37000000,0.17320000
1676328852,B,1491.35000000,0.14710000
1676328852,B,1491.31000000,0.01030000
1676328852,B,1491.29000000,0.29540000
1676328852,B,1491.28000000,0.01200000
1676328852,B,1491.26000000,4.50000000
1676328852,B,1491.25000000,0.03000000
1676328852,B,1491.24000000,1.52850000
1676328852,B,1491.22000000,0.01030000
1676328852,B,1491.21000000,0.44920000
1676328852,B,1491.17000000,6.83560000
1676328852,B,1491.16000000,0.54670000
1676328852,B,1491.15000000,1.35660000
1676328852,B,1491.14000000,8.63350000
1676328852,B,1491.13000000,0.06210000
1676328852,B,1491.10000000,0.72570000
1676328852,A,1491.46000000,23.53640000
1676328852,A,1491.49000000,6.99240000
1676328852,A,1491.50000000,0.67080000
1676328852,A,1491.51000000,2.64480000
1676328852,A,1491.52000000,1.00570000
1676328852,A,1491.53000000,3.68770000
1676328852,A,1491.55000000,0.17970000
1676328852,A,1491.56000000,1.02770000
1676328852,A,1491.58000000,0.01030000
1676328852,A,1491.60000000,0.74830000
1676328852,A,1491.61000000,1.86980000
1676328852,A,1491.63000000,0.01200000
1676328852,A,1491.64000000,2.23940000
1676328852,A,1491.65000000,1.96310000
1676328852,A,1491.67000000,0.01030000
1676328852,A,1491.69000000,2.70000000
1676328852,A,1491.70000000,0.04200000
1676328852,A,1491.71000000,0.03790000
1676328852,A,1491.72000000,3.22170000
1676328852,A,1491.73000000,1.00000000
1676328853,B,1491.45000000,12.32250000
1676328853,B,1491.44000000,0.33810000
1676328853,B,1491.42000000,0.01200000
1676328853,B,1491.40000000,0.01030000
1676328853,B,1491.37000000,0.17320000
1676328853,B,1491.35000000,0.14710000
1676328853,B,1491.31000000,0.01030000
1676328853,B,1491.29000000,0.29540000
1676328853,B,1491.28000000,0.01200000
1676328853,B,1491.27000000,3.16160000
1676328853,B,1491.26000000,4.50000000
1676328853,B,1491.25000000,2.73000000
1676328853,B,1491.24000000,0.67380000
1676328853,B,1491.22000000,0.01030000
1676328853,B,1491.21000000,0.44920000
1676328853,B,1491.17000000,4.13560000
1676328853,B,1491.16000000,0.54670000
1676328853,B,1491.15000000,1.35660000
1676328853,B,1491.14000000,8.63350000
1676328853,B,1491.13000000,0.06210000
1676328853,A,1491.46000000,13.50970000
1676328853,A,1491.50000000,0.67080000
1676328853,A,1491.53000000,2.68200000
1676328853,A,1491.56000000,0.02200000
1676328853,A,1491.58000000,0.01030000
1676328853,A,1491.63000000,0.01200000
1676328853,A,1491.64000000,0.78540000
1676328853,A,1491.65000000,1.96310000
1676328853,A,1491.67000000,0.01030000
1676328853,A,1491.70000000,0.04200000
1676328853,A,1491.72000000,3.22170000
1676328853,A,1491.73000000,1.00000000
1676328853,A,1491.74000000,2.53530000
1676328853,A,1491.75000000,3.20000000
1676328853,A,1491.76000000,5.91030000
1676328853,A,1491.77000000,3.21200000
1676328853,A,1491.78000000,0.01500000
1676328853,A,1491.79000000,4.89440000
1676328853,A,1491.80000000,1.32380000
1676328853,A,1491.81000000,0.34240000
1676328854,B,1491.45000000,21.59400000
1676328854,B,1491.44000000,0.33810000
1676328854,B,1491.42000000,0.01200000
1676328854,B,1491.40000000,0.01030000
1676328854,B,1491.37000000,0.17320000
1676328854,B,1491.35000000,0.14710000
1676328854,B,1491.31000000,0.01030000
1676328854,B,1491.29000000,0.89540000
1676328854,B,1491.28000000,0.01200000
1676328854,B,1491.27000000,0.85470000
1676328854,B,1491.26000000,6.27710000
1676328854,B,1491.25000000,2.73000000
1676328854,B,1491.24000000,0.67380000
1676328854,B,1491.23000000,3.35030000
1676328854,B,1491.22000000,1.01030000
1676328854,B,1491.21000000,0.44920000
1676328854,B,1491.16000000,4.00040000
1676328854,B,1491.14000000,8.63350000
1676328854,B,1491.13000000,0.06210000
1676328854,B,1491.10000000,0.72570000
1676328854,A,1491.46000000,1.20680000
1676328854,A,1491.56000000,0.02200000
1676328854,A,1491.58000000,0.01030000
1676328854,A,1491.61000000,2.40710000
1676328854,A,1491.62000000,6.00440000
1676328854,A,1491.63000000,0.01200000
1676328854,A,1491.67000000,0.01030000
1676328854,A,1491.70000000,0.04200000
1676328854,A,1491.72000000,4.50000000
1676328854,A,1491.73000000,4.50000000
1676328854,A,1491.74000000,1.73530000
1676328854,A,1491.76000000,2.71030000
1676328854,A,1491.77000000,0.01200000
1676328854,A,1491.78000000,0.01500000
1676328854,A,1491.83000000,0.08870000
1676328854,A,1491.84000000,0.01200000
1676328854,A,1491.85000000,0.01030000
1676328854,A,1491.86000000,1.19220000
1676328854,A,1491.91000000,0.21200000
1676328854,A,1491.94000000,0.01030000
1676328855,B,1491.45000000,21.64400000
1676328855,B,1491.44000000,0.33800000
1676328855,B,1491.43000000,0.36800000
1676328855,B,1491.42000000,0.01200000
1676328855,B,1491.40000000,0.01030000
1676328855,B,1491.37000000,1.35250000
1676328855,B,1491.35000000,0.14710000
1676328855,B,1491.31000000,1.54090000
1676328855,B,1491.30000000,3.82520000
1676328855,B,1491.29000000,0.89540000
1676328855,B,1491.28000000,0.01200000
1676328855,B,1491.27000000,0.85470000
1676328855,B,1491.26000000,6.27710000
1676328855,B,1491.25000000,4.04960000
1676328855,B,1491.24000000,0.67380000
1676328855,B,1491.23000000,4.44190000
1676328855,B,1491.22000000,1.01030000
1676328855,B,1491.21000000,0.44920000
1676328855,B,1491.20000000,8.00030000
1676328855,B,1491.19000000,20.00000000
1676328855,A,1491.46000000,0.16790000
1676328855,A,1491.56000000,0.02200000
1676328855,A,1491.58000000,0.01030000
1676328855,A,1491.61000000,2.40720000
1676328855,A,1491.62000000,6.00440000
1676328855,A,1491.63000000,0.01200000
1676328855,A,1491.67000000,0.01030000
1676328855,A,1491.68000000,0.10000000
1676328855,A,1491.70000000,0.04200000
1676328855,A,1491.72000000,4.50000000
1676328855,A,1491.73000000,4.50000000
1676328855,A,1491.74000000,1.73530000
1676328855,A,1491.76000000,2.71030000
1676328855,A,1491.77000000,0.01200000
1676328855,A,1491.78000000,0.01500000
1676328855,A,1491.83000000,0.08870000
1676328855,A,1491.84000000,0.11200000
1676328855,A,1491.85000000,0.04820000
1676328855,A,1491.86000000,3.04830000
1676328855,A,1491.90000000,0.33910000
1676328856,B,1491.45000000,22.87320000
1676328856,B,1491.44000000,0.35320000
1676328856,B,1491.43000000,0.36800000
1676328856,B,1491.42000000,0.01200000
1676328856,B,1491.40000000,0.01030000
1676328856,B,1491.37000000,1.35250000
1676328856,B,1491.35000000,0.14710000
1676328856,B,1491.31000000,1.54090000
1676328856,B,1491.30000000,3.82520000
1676328856,B,1491.29000000,0.89540000
1676328856,B,1491.28000000,0.01200000
1676328856,B,1491.26000000,1.77710000
1676328856,B,1491.25000000,2.73000000
1676328856,B,1491.24000000,0.67380000
1676328856,B,1491.23000000,3.35030000
1676328856,B,1491.22000000,1.01030000
1676328856,B,1491.21000000,0.44920000
1676328856,B,1491.17000000,0.20000000
1676328856,B,1491.16000000,0.54670000
1676328856,B,1491.15000000,2.69930000
1676328856,A,1491.46000000,1.23480000
1676328856,A,1491.49000000,0.28510000
1676328856,A,1491.56000000,0.02200000
1676328856,A,1491.58000000,0.01030000
1676328856,A,1491.61000000,2.59370000
1676328856,A,1491.62000000,6.00440000
1676328856,A,1491.63000000,0.01200000
1676328856,A,1491.64000000,0.28510000
1676328856,A,1491.67000000,0.01030000
1676328856,A,1491.68000000,0.10000000
1676328856,A,1491.70000000,0.04200000
1676328856,A,1491.72000000,4.50000000
1676328856,A,1491.73000000,4.50000000
1676328856,A,1491.74000000,1.73530000
1676328856,A,1491.76000000,2.71030000
1676328856,A,1491.77000000,0.01200000
1676328856,A,1491.78000000,0.01500000
1676328856,A,1491.82000000,1.37590000
1676328856,A,1491.83000000,3.43900000
1676328856,A,1491.84000000,0.11200000
1676328857,B,1491.55000000,27.74240000
1676328857,B,1491.54000000,1.69520000
1676328857,B,1491.53000000,1.04260000
1676328857,B,1491.46000000,2.88790000
1676328857,B,1491.45000000,1.42620000
1676328857,B,1491.44000000,0.05020000
1676328857,B,1491.42000000,3.01190000
1676328857,B,1491.40000000,0.01030000
1676328857,B,1491.38000000,1.04260000
1676328857,B,1491.37000000,0.17320000
1676328857,B,1491.35000000,0.17710000
1676328857,B,1491.34000000,1.34020000
1676328857,B,1491.33000000,3.35030000
1676328857,B,1491.31000000,0.01030000
1676328857,B,1491.28000000,4.81210000
1676328857,B,1491.27000000,3.20000000
1676328857,B,1491.26000000,8.00000000
1676328857,B,1491.25000000,5.90000000
1676328857,B,1491.24000000,0.67380000
1676328857,B,1491.23000000,3.35030000
1676328857,A,1491.56000000,0.02200000
1676328857,A,1491.58000000,0.01030000
1676328857,A,1491.63000000,0.01200000
1676328857,A,1491.66000000,6.00440000
1676328857,A,1491.67000000,0.01030000
1676328857,A,1491.68000000,0.10000000
1676328857,A,1491.70000000,0.04200000
1676328857,A,1491.75000000,1.80920000
1676328857,A,1491.76000000,4.51030000
1676328857,A,1491.77000000,0.01200000
1676328857,A,1491.78000000,0.01500000
1676328857,A,1491.83000000,0.08870000
1676328857,A,1491.84000000,0.11200000
1676328857,A,1491.85000000,0.04820000
1676328857,A,1491.86000000,1.85610000
1676328857,A,1491.91000000,1.36200000
1676328857,A,1491.94000000,2.80990000
1676328857,A,1491.95000000,2.70000000
1676328857,A,1491.98000000,0.68240000
1676328857,A,1492.00000000,1.99240000
1676328858,B,1491.55000000,34.13280000
1676328858,B,1491.54000000,1.69520000
1676328858,B,1491.53000000,1.04260000
1676328858,B,1491.51000000,1.80780000
1676328858,B,1491.46000000,1.08010000
1676328858,B,1491.45000000,1.42620000
1676328858,B,1491.42000000,3.01190000
1676328858,B,1491.40000000,0.01030000
1676328858,B,1491.39000000,1.83440000
1676328858,B,1491.38000000,1.04260000
1676328858,B,1491.37000000,0.17320000
1676328858,B,1491.35000000,0.17710000
1676328858,B,1491.34000000,1.34020000
1676328858,B,1491.33000000,3.45030000
1676328858,B,1491.31000000,0.01030000
1676328858,B,1491.28000000,4.81210000
1676328858,B,1491.27000000,3.20000000
1676328858,B,1491.26000000,8.00000000
1676328858,B,1491.25000000,5.90000000
1676328858,B,1491.24000000,0.67380000
1676328858,A,1491.56000000,0.01200000
1676328858,A,1491.58000000,0.01030000
1676328858,A,1491.63000000,0.01200000
1676328858,A,1491.67000000,0.01030000
1676328858,A,1491.68000000,2.41900000
1676328858,A,1491.69000000,6.00440000
1676328858,A,1491.70000000,0.04200000
1676328858,A,1491.75000000,1.80920000
1676328858,A,1491.76000000,4.51030000
1676328858,A,1491.77000000,4.51200000
1676328858,A,1491.78000000,0.01500000
1676328858,A,1491.83000000,0.08870000
1676328858,A,1491.84000000,0.01200000
1676328858,A,1491.85000000,0.01030000
1676328858,A,1491.86000000,1.85610000
1676328858,A,1491.91000000,1.16200000
1676328858,A,1491.94000000,2.80990000
1676328858,A,1491.95000000,2.70000000
1676328858,A,1491.98000000,0.68240000
1676328858,A,1492.00000000,1.99240000
1676328859,B,1491.55000000,33.29530000
1676328859,B,1491.54000000,2.41900000
1676328859,B,1491.53000000,1.04260000
1676328859,B,1491.51000000,1.80780000
1676328859,B,1491.46000000,1.08010000
1676328859,B,1491.45000000,0.84160000
1676328859,B,1491.42000000,3.01190000
1676328859,B,1491.40000000,0.01030000
1676328859,B,1491.39000000,1.83440000
1676328859,B,1491.38000000,1.04260000
1676328859,B,1491.37000000,0.17320000
1676328859,B,1491.35000000,0.17710000
1676328859,B,1491.33000000,4.54190000
1676328859,B,1491.32000000,1.31960000
1676328859,B,1491.31000000,1.01030000
1676328859,B,1491.29000000,5.76560000
1676328859,B,1491.28000000,22.73290000
1676328859,B,1491.27000000,3.20000000
1676328859,B,1491.26000000,20.80000000
1676328859,B,1491.25000000,5.90000000
1676328859,A,1491.56000000,0.00010000
1676328859,A,1491.58000000,0.01030000
1676328859,A,1491.63000000,0.01200000
1676328859,A,1491.66000000,0.01000000
1676328859,A,1491.67000000,0.01030000
1676328859,A,1491.68000000,2.41900000
1676328859,A,1491.69000000,6.00440000
1676328859,A,1491.70000000,0.04200000
1676328859,A,1491.76000000,0.01030000
1676328859,A,1491.77000000,0.01200000
1676328859,A,1491.78000000,0.01500000
1676328859,A,1491.83000000,0.08870000
1676328859,A,1491.84000000,0.01200000
1676328859,A,1491.85000000,0.75310000
1676328859,A,1491.86000000,1.85610000
1676328859,A,1491.91000000,1.16200000
1676328859,A,1491.93000000,1.12400000
1676328859,A,1491.94000000,0.01030000
1676328859,A,1491.95000000,2.70000000
1676328859,A,1491.98000000,0.68240000
1676328860,B,1491.74000000,24.25890000
1676328860,B,1491.68000000,1.04250000
1676328860,B,1491.63000000,0.01200000
1676328860,B,1491.60000000,1.00560000
1676328860,B,1491.59000000,2.10800000
1676328860,B,1491.58000000,0.81030000
1676328860,B,1491.57000000,0.67060000
1676328860,B,1491.56000000,5.74150000
1676328860,B,1491.55000000,4.47050000
1676328860,B,1491.53000000,1.04250000
1676328860,B,1491.51000000,1.80780000
1676328860,B,1491.49000000,0.02230000
1676328860,B,1491.47000000,0.13000000
1676328860,B,1491.46000000,1.35120000
1676328860,B,1491.45000000,3.37670000
1676328860,B,1491.42000000,3.06370000
1676328860,B,1491.40000000,0.01030000
1676328860,B,1491.39000000,1.83440000
1676328860,B,1491.35000000,0.01200000
1676328860,B,1491.33000000,4.44190000
1676328860,A,1491.75000000,2.41080000
1676328860,A,1491.76000000,0.01030000
1676328860,A,1491.77000000,0.01200000
1676328860,A,1491.83000000,0.08870000
1676328860,A,1491.84000000,0.01200000
1676328860,A,1491.85000000,0.01030000
1676328860,A,1491.88000000,0.03000000
1676328860,A,1491.89000000,1.80040000
1676328860,A,1491.90000000,4.50000000
1676328860,A,1491.91000000,0.01200000
1676328860,A,1491.94000000,2.81000000
1676328860,A,1491.95000000,2.70000000
1676328860,A,1491.98000000,0.68240000
1676328860,A,1492.01000000,0.03680000
1676328860,A,1492.03000000,0.01030000
1676328860,A,1492.05000000,1.35230000
1676328860,A,1492.06000000,3.34950000
1676328860,A,1492.07000000,0.01500000
1676328860,A,1492.09000000,1.83700000
1676328860,A,1492.12000000,3.28230000
1676328861,B,1491.75000000,41.92160000
1676328861,B,1491.69000000,1.08080000
1676328861,B,1491.68000000,1.04250000
1676328861,B,1491.66000000,2.70000000
1676328861,B,1491.65000000,0.01000000
1676328861,B,1491.63000000,0.01200000
1676328861,B,1491.60000000,1.00560000
1676328861,B,1491.59000000,2.10800000
1676328861,B,1491.58000000,0.01030000
1676328861,B,1491.57000000,0.67060000
1676328861,B,1491.56000000,3.95260000
1676328861,B,1491.54000000,0.02500000
1676328861,B,1491.53000000,1.14250000
1676328861,B,1491.52000000,2.07800000
1676328861,B,1491.50000000,2.70000000
1676328861,B,1491.49000000,0.02230000
1676328861,B,1491.47000000,0.03000000
1676328861,B,1491.46000000,11.52090000
1676328861,B,1491.45000000,3.37670000
1676328861,B,1491.44000000,28.80000000
1676328861,A,1491.76000000,0.01030000
1676328861,A,1491.77000000,0.01200000
1676328861,A,1491.83000000,0.08870000
1676328861,A,1491.84000000,0.01200000
1676328861,A,1491.85000000,0.01030000
1676328861,A,1491.88000000,0.03000000
1676328861,A,1491.91000000,0.01200000
1676328861,A,1491.94000000,0.01030000
1676328861,A,1491.98000000,0.68240000
1676328861,A,1492.01000000,0.03680000
1676328861,A,1492.03000000,0.01030000
1676328861,A,1492.05000000,0.01200000
1676328861,A,1492.07000000,0.75040000
1676328861,A,1492.08000000,1.13380000
1676328861,A,1492.09000000,1.83700000
1676328861,A,1492.12000000,0.02230000
1676328861,A,1492.15000000,2.32680000
1676328861,A,1492.16000000,5.81670000
1676328861,A,1492.18000000,2.75050000
1676328861,A,1492.19000000,0.73780000
1676328862,B,1491.75000000,42.49210000
1676328862,B,1491.71000000,1.17640000
1676328862,B,1491.69000000,1.08080000
1676328862,B,1491.68000000,1.04250000
1676328862,B,1491.66000000,2.70000000
1676328862,B,1491.65000000,0.01000000
1676328862,B,1491.64000000,1.93890000
1676328862,B,1491.63000000,0.01200000
1676328862,B,1491.60000000,1.00560000
1676328862,B,1491.59000000,2.10800000
1676328862,B,1491.58000000,0.01030000
1676328862,B,1491.56000000,3.95260000
1676328862,B,1491.54000000,0.02500000
1676328862,B,1491.53000000,1.14250000
1676328862,B,1491.52000000,2.07800000
1676328862,B,1491.51000000,0.80000000
1676328862,B,1491.50000000,2.70000000
1676328862,B,1491.49000000,0.02230000
1676328862,B,1491.47000000,0.03000000
1676328862,B,1491.46000000,11.52090000
1676328862,A,1491.76000000,0.01030000
1676328862,A,1491.77000000,0.01200000
1676328862,A,1491.83000000,0.08870000
1676328862,A,1491.84000000,0.01200000
1676328862,A,1491.85000000,0.01030000
1676328862,A,1491.88000000,0.03000000
1676328862,A,1491.91000000,0.01200000
1676328862,A,1491.94000000,0.01030000
1676328862,A,1491.98000000,0.68240000
1676328862,A,1491.99000000,1.81540000
1676328862,A,1492.00000000,4.50000000
1676328862,A,1492.01000000,0.03680000
1676328862,A,1492.03000000,0.01030000
1676328862,A,1492.05000000,0.01200000
1676328862,A,1492.07000000,0.01500000
1676328862,A,1492.08000000,1.13380000
1676328862,A,1492.09000000,1.83700000
1676328862,A,1492.12000000,0.02230000
1676328862,A,1492.15000000,2.32680000
1676328862,A,1492.16000000,5.81670000
1676328863,B,1491.75000000,44.31730000
1676328863,B,1491.73000000,0.29990000
1676328863,B,1491.71000000,1.17640000
1676328863,B,1491.69000000,1.08080000
1676328863,B,1491.68000000,1.04250000
1676328863,B,1491.66000000,2.70000000
1676328863,B,1491.65000000,0.01000000
1676328863,B,1491.64000000,1.93890000
1676328863,B,1491.63000000,0.01200000
1676328863,B,1491.61000000,6.95230000
1676328863,B,1491.60000000,1.00560000
1676328863,B,1491.59000000,17.38070000
1676328863,B,1491.58000000,14.41030000
1676328863,B,1491.56000000,3.95260000
1676328863,B,1491.54000000,0.02500000
1676328863,B,1491.53000000,1.14250000
1676328863,B,1491.52000000,2.07800000
1676328863,B,1491.51000000,0.80000000
1676328863,B,1491.50000000,2.70000000
1676328863,B,1491.49000000,0.02230000
1676328863,A,1491.76000000,0.01030000
1676328863,A,1491.77000000,0.01200000
1676328863,A,1491.83000000,0.08870000
1676328863,A,1491.84000000,0.01200000
1676328863,A,1491.85000000,0.01030000
1676328863,A,1491.88000000,0.03000000
1676328863,A,1491.91000000,0.01200000
1676328863,A,1491.94000000,0.01030000
1676328863,A,1491.98000000,0.68240000
1676328863,A,1491.99000000,1.81490000
1676328863,A,1492.00000000,4.50000000
1676328863,A,1492.01000000,0.03680000
1676328863,A,1492.03000000,0.01030000
1676328863,A,1492.05000000,0.01200000
1676328863,A,1492.07000000,0.01500000
1676328863,A,1492.09000000,1.83700000
1676328863,A,1492.12000000,0.02230000
1676328863,A,1492.15000000,2.32680000
1676328863,A,1492.16000000,5.81670000
1676328863,A,1492.18000000,2.75050000
1676328864,B,1491.75000000,44.14380000
1676328864,B,1491.72000000,1.88880000
1676328864,B,1491.71000000,1.17640000
1676328864,B,1491.69000000,1.08080000
1676328864,B,1491.68000000,1.04250000
1676328864,B,1491.66000000,2.70000000
1676328864,B,1491.65000000,0.01000000
1676328864,B,1491.63000000,0.01200000
1676328864,B,1491.62000000,1.00000000
1676328864,B,1491.61000000,6.95230000
1676328864,B,1491.60000000,1.00560000
1676328864,B,1491.59000000,17.38070000
1676328864,B,1491.58000000,14.41030000
1676328864,B,1491.56000000,3.95260000
1676328864,B,1491.54000000,0.02500000
1676328864,B,1491.53000000,1.14250000
1676328864,B,1491.52000000,2.07800000
1676328864,B,1491.51000000,0.80000000
1676328864,B,1491.50000000,2.70000000
1676328864,B,1491.49000000,0.02230000
1676328864,A,1491.76000000,0.10440000
1676328864,A,1491.77000000,0.01200000
1676328864,A,1491.83000000,0.08870000
1676328864,A,1491.84000000,0.01200000
1676328864,A,1491.85000000,0.01030000
1676328864,A,1491.88000000,0.03000000
1676328864,A,1491.91000000,0.01200000
1676328864,A,1491.94000000,0.01030000
1676328864,A,1491.98000000,0.68240000
1676328864,A,1491.99000000,1.81490000
1676328864,A,1492.00000000,4.50000000
1676328864,A,1492.01000000,0.03680000
1676328864,A,1492.03000000,0.01030000
1676328864,A,1492.05000000,0.01200000
1676328864,A,1492.07000000,0.01500000
1676328864,A,1492.08000000,1.85530000
1676328864,A,1492.09000000,4.63650000
1676328864,A,1492.12000000,0.02230000
1676328864,A,1492.15000000,2.32680000
1676328864,A,1492.16000000,5.81670000
1676328865,B,1491.75000000,40.76750000
1676328865,B,1491.72000000,1.88880000
1676328865,B,1491.71000000,1.17640000
1676328865,B,1491.69000000,1.08080000
1676328865,B,1491.68000000,1.04250000
1676328865,B,1491.67000000,0.01030000
1676328865,B,1491.66000000,2.70000000
1676328865,B,1491.65000000,0.01000000
1676328865,B,1491.64000000,0.29990000
1676328865,B,1491.63000000,0.01200000
1676328865,B,1491.62000000,1.00000000
1676328865,B,1491.61000000,6.95230000
1676328865,B,1491.60000000,1.00560000
1676328865,B,1491.59000000,17.38070000
1676328865,B,1491.58000000,14.41030000
1676328865,B,1491.56000000,3.95260000
1676328865,B,1491.54000000,0.02500000
1676328865,B,1491.53000000,1.14250000
1676328865,B,1491.52000000,2.07800000
1676328865,B,1491.51000000,0.80000000
1676328865,A,1491.76000000,0.07170000
1676328865,A,1491.77000000,0.09070000
1676328865,A,1491.83000000,0.08870000
1676328865,A,1491.84000000,0.01200000
1676328865,A,1491.85000000,0.01030000
1676328865,A,1491.88000000,0.03000000
1676328865,A,1491.91000000,0.01200000
1676328865,A,1491.94000000,0.01030000
1676328865,A,1491.98000000,0.68240000
1676328865,A,1491.99000000,1.81490000
1676328865,A,1492.00000000,4.50000000
1676328865,A,1492.01000000,0.03680000
1676328865,A,1492.03000000,0.01030000
1676328865,A,1492.05000000,0.01200000
1676328865,A,1492.07000000,0.01500000
1676328865,A,1492.08000000,1.85530000
1676328865,A,1492.09000000,4.63650000
1676328865,A,1492.12000000,0.02230000
1676328865,A,1492.15000000,2.32680000
1676328865,A,1492.16000000,5.81670000
1676328866,B,1491.75000000,40.76750000
1676328866,B,1491.72000000,1.88880000
1676328866,B,1491.71000000,1.17640000
1676328866,B,1491.69000000,1.08080000
1676328866,B,1491.68000000,1.04250000
1676328866,B,1491.67000000,0.01030000
1676328866,B,1491.66000000,2.70000000
1676328866,B,1491.65000000,0.01000000
1676328866,B,1491.64000000,0.29990000
1676328866,B,1491.63000000,0.01200000
1676328866,B,1491.62000000,1.00000000
1676328866,B,1491.61000000,6.95230000
1676328866,B,1491.60000000,1.00560000
1676328866,B,1491.59000000,17.38070000
1676328866,B,1491.58000000,14.41030000
1676328866,B,1491.56000000,3.95260000
1676328866,B,1491.54000000,0.02500000
1676328866,B,1491.53000000,1.14250000
1676328866,B,1491.52000000,3.16960000
1676328866,B,1491.51000000,0.80000000
1676328866,A,1491.76000000,0.57680000
1676328866,A,1491.77000000,0.09070000
1676328866,A,1491.83000000,0.08870000
1676328866,A,1491.84000000,0.01200000
1676328866,A,1491.85000000,0.01030000
1676328866,A,1491.88000000,0.03000000
1676328866,A,1491.91000000,0.01200000
1676328866,A,1491.94000000,0.01030000
1676328866,A,1491.98000000,0.68240000
1676328866,A,1491.99000000,1.81490000
1676328866,A,1492.00000000,4.50000000
1676328866,A,1492.01000000,0.03680000
1676328866,A,1492.03000000,0.01030000
1676328866,A,1492.05000000,0.01200000
1676328866,A,1492.07000000,0.01500000
1676328866,A,1492.09000000,1.83700000
1676328866,A,1492.12000000,0.02230000
1676328866,A,1492.15000000,2.32680000
1676328866,A,1492.16000000,5.81670000
1676328866,A,1492.18000000,2.75050000
1676328867,B,1491.82000000,75.95570000
1676328867,B,1491.81000000,0.00960000
1676328867,B,1491.78000000,1.04240000
1676328867,B,1491.77000000,7.01780000
1676328867,B,1491.76000000,2.65670000
1676328867,B,1491.75000000,0.01720000
1676328867,B,1491.72000000,1.88880000
1676328867,B,1491.70000000,0.01200000
1676328867,B,1491.69000000,1.08080000
1676328867,B,1491.67000000,0.01030000
1676328867,B,1491.66000000,2.70000000
1676328867,B,1491.64000000,0.29990000
1676328867,B,1491.63000000,1.05440000
1676328867,B,1491.62000000,1.03000000
1676328867,B,1491.61000000,6.95230000
1676328867,B,1491.60000000,1.10560000
1676328867,B,1491.59000000,17.38070000
1676328867,B,1491.58000000,14.41030000
1676328867,B,1491.56000000,0.01200000
1676328867,B,1491.54000000,3.37460000
1676328867,A,1491.83000000,0.08870000
1676328867,A,1491.84000000,0.01200000
1676328867,A,1491.85000000,0.01030000
1676328867,A,1491.91000000,0.01200000
1676328867,A,1491.94000000,0.01030000
1676328867,A,1491.98000000,0.68240000
1676328867,A,1492.01000000,0.03680000
1676328867,A,1492.03000000,0.04030000
1676328867,A,1492.05000000,1.81820000
1676328867,A,1492.06000000,4.50000000
1676328867,A,1492.07000000,0.01500000
1676328867,A,1492.12000000,0.02230000
1676328867,A,1492.15000000,2.32680000
1676328867,A,1492.16000000,5.81670000
1676328867,A,1492.18000000,2.70000000
1676328867,A,1492.19000000,0.73780000
1676328867,A,1492.21000000,0.01030000
1676328867,A,1492.25000000,0.03000000
1676328867,A,1492.26000000,2.02710000
1676328867,A,1492.27000000,5.03640000
1676328868,B,1491.82000000,79.52350000
1676328868,B,1491.81000000,0.00960000
1676328868,B,1491.78000000,3.85000000
1676328868,B,1491.77000000,7.01780000
1676328868,B,1491.76000000,2.65670000
1676328868,B,1491.75000000,0.01720000
1676328868,B,1491.73000000,0.76590000
1676328868,B,1491.72000000,1.88880000
1676328868,B,1491.70000000,0.01200000
1676328868,B,1491.69000000,1.08080000
1676328868,B,1491.67000000,0.01030000
1676328868,B,1491.66000000,2.70000000
1676328868,B,1491.64000000,0.29990000
1676328868,B,1491.63000000,1.05440000
1676328868,B,1491.62000000,1.03000000
1676328868,B,1491.61000000,6.95230000
1676328868,B,1491.60000000,1.10560000
1676328868,B,1491.59000000,17.38070000
1676328868,B,1491.58000000,14.41030000
1676328868,B,1491.56000000,0.01200000
1676328868,A,1491.83000000,0.08870000
1676328868,A,1491.84000000,0.01200000
1676328868,A,1491.85000000,0.01030000
1676328868,A,1491.91000000,0.01200000
1676328868,A,1491.94000000,0.01030000
1676328868,A,1491.98000000,0.68240000
1676328868,A,1492.01000000,0.03680000
1676328868,A,1492.03000000,0.04030000
1676328868,A,1492.05000000,1.81820000
1676328868,A,1492.06000000,4.50000000
1676328868,A,1492.07000000,0.01500000
1676328868,A,1492.12000000,0.02230000
1676328868,A,1492.15000000,2.32680000
1676328868,A,1492.16000000,5.81670000
1676328868,A,1492.18000000,2.70000000
1676328868,A,1492.19000000,0.73780000
1676328868,A,1492.21000000,0.01030000
1676328868,A,1492.25000000,0.03000000
1676328868,A,1492.26000000,2.02710000
1676328868,A,1492.27000000,5.03640000
1676328869,B,1491.97000000,27.19460000
1676328869,B,1491.92000000,4.67750000
1676328869,B,1491.84000000,4.04710000
1676328869,B,1491.82000000,5.65100000
1676328869,B,1491.81000000,0.05100000
1676328869,B,1491.77000000,1.38860000
1676328869,B,1491.76000000,2.59600000
1676328869,B,1491.75000000,3.36670000
1676328869,B,1491.73000000,0.01000000
1676328869,B,1491.72000000,1.88880000
1676328869,B,1491.70000000,0.01200000
1676328869,B,1491.69000000,1.08080000
1676328869,B,1491.67000000,0.01030000
1676328869,B,1491.66000000,2.70000000
1676328869,B,1491.64000000,0.29990000
1676328869,B,1491.63000000,0.01200000
1676328869,B,1491.62000000,1.00000000
1676328869,B,1491.61000000,6.95230000
1676328869,B,1491.60000000,0.10000000
1676328869,B,1491.59000000,16.85450000
1676328869,A,1491.98000000,0.68610000
1676328869,A,1492.03000000,2.41720000
1676328869,A,1492.04000000,6.00440000
1676328869,A,1492.05000000,0.01200000
1676328869,A,1492.12000000,0.02230000
1676328869,A,1492.15000000,3.40660000
1676328869,A,1492.16000000,5.81670000
1676328869,A,1492.18000000,2.70000000
1676328869,A,1492.19000000,0.73780000
1676328869,A,1492.21000000,0.01030000
1676328869,A,1492.25000000,0.03000000
1676328869,A,1492.26000000,0.01200000
1676328869,A,1492.27000000,0.96230000
1676328869,A,1492.28000000,1.19840000
1676328869,A,1492.30000000,0.01030000
1676328869,A,1492.31000000,1.98250000
1676328869,A,1492.33000000,1.92670000
1676328869,A,1492.34000000,2.00050000
1676328869,A,1492.37000000,3.34910000
1676328869,A,1492.39000000,1.01030000
1676328870,B,1491.97000000,24.47740000
1676328870,B,1491.96000000,0.07450000
1676328870,B,1491.95000000,1.04230000
1676328870,B,1491.93000000,1.87120000
1676328870,B,1491.92000000,4.67750000
1676328870,B,1491.88000000,0.94610000
1676328870,B,1491.86000000,0.52550000
1676328870,B,1491.85000000,0.01030000
1676328870,B,1491.84000000,1.28220000
1676328870,B,1491.83000000,2.26060000
1676328870,B,1491.82000000,5.65100000
1676328870,B,1491.81000000,0.00960000
1676328870,B,1491.80000000,1.04230000
1676328870,B,1491.77000000,1.38860000
1676328870,B,1491.76000000,2.59600000
1676328870,B,1491.75000000,3.44950000
1676328870,B,1491.72000000,1.88880000
1676328870,B,1491.70000000,0.01200000
1676328870,B,1491.69000000,1.08080000
1676328870,B,1491.68000000,1.00510000
1676328870,A,1491.98000000,8.28450000
1676328870,A,1492.03000000,0.01030000
1676328870,A,1492.05000000,0.01200000
1676328870,A,1492.07000000,0.18600000
1676328870,A,1492.08000000,0.12500000
1676328870,A,1492.09000000,0.14930000
1676328870,A,1492.10000000,2.41090000
1676328870,A,1492.11000000,6.00440000
1676328870,A,1492.12000000,0.02230000
1676328870,A,1492.15000000,1.07980000
1676328870,A,1492.16000000,5.81670000
1676328870,A,1492.18000000,2.70000000
1676328870,A,1492.19000000,0.73780000
1676328870,A,1492.21000000,0.01030000
1676328870,A,1492.23000000,1.80040000
1676328870,A,1492.24000000,4.50000000
1676328870,A,1492.25000000,0.03000000
1676328870,A,1492.26000000,0.01200000
1676328870,A,1492.28000000,1.19840000
1676328870,A,1492.30000000,0.81830000
1676328871,B,1491.97000000,24.47740000
1676328871,B,1491.96000000,0.08410000
1676328871,B,1491.95000000,1.04230000
1676328871,B,1491.93000000,1.87120000
1676328871,B,1491.92000000,4.67750000
1676328871,B,1491.88000000,0.95610000
1676328871,B,1491.86000000,0.52550000
1676328871,B,1491.85000000,0.01030000
1676328871,B,1491.84000000,1.28220000
1676328871,B,1491.83000000,2.26060000
1676328871,B,1491.82000000,5.65100000
1676328871,B,1491.80000000,1.04230000
1676328871,B,1491.77000000,2.50270000
1676328871,B,1491.76000000,2.59600000
1676328871,B,1491.75000000,6.14950000
1676328871,B,1491.72000000,1.88880000
1676328871,B,1491.70000000,0.01200000
1676328871,B,1491.68000000,1.00510000
1676328871,B,1491.67000000,0.01030000
1676328871,B,1491.65000000,2.69510000
1676328871,A,1491.98000000,11.62250000
1676328871,A,1492.01000000,0.32880000
1676328871,A,1492.03000000,0.01030000
1676328871,A,1492.05000000,0.01200000
1676328871,A,1492.07000000,0.18600000
1676328871,A,1492.08000000,0.12500000
1676328871,A,1492.09000000,0.14930000
1676328871,A,1492.10000000,0.27600000
1676328871,A,1492.11000000,6.00440000
1676328871,A,1492.12000000,0.02230000
1676328871,A,1492.15000000,2.32670000
1676328871,A,1492.16000000,6.14550000
1676328871,A,1492.19000000,0.73780000
1676328871,A,1492.21000000,0.01030000
1676328871,A,1492.23000000,1.80040000
1676328871,A,1492.24000000,4.50000000
1676328871,A,1492.25000000,0.03000000
1676328871,A,1492.26000000,2.71200000
1676328871,A,1492.28000000,1.19840000
1676328871,A,1492.30000000,0.81830000
1676328872,B,1491.97000000,23.72100000
1676328872,B,1491.96000000,0.34870000
1676328872,B,1491.92000000,4.67750000
1676328872,B,1491.88000000,0.95610000
1676328872,B,1491.86000000,0.52550000
1676328872,B,1491.85000000,0.01030000
1676328872,B,1491.84000000,0.68220000
1676328872,B,1491.83000000,2.66060000
1676328872,B,1491.82000000,5.65100000
1676328872,B,1491.81000000,0.26460000
1676328872,B,1491.77000000,2.50270000
1676328872,B,1491.76000000,2.59600000
1676328872,B,1491.75000000,6.14950000
1676328872,B,1491.70000000,0.01200000
1676328872,B,1491.68000000,1.00510000
1676328872,B,1491.67000000,0.01030000
1676328872,B,1491.65000000,3.43010000
1676328872,B,1491.64000000,8.53620000
1676328872,B,1491.63000000,3.21200000
1676328872,B,1491.62000000,1.00000000
1676328872,A,1491.98000000,8.28430000
1676328872,A,1492.01000000,0.27340000
1676328872,A,1492.03000000,0.01030000
1676328872,A,1492.05000000,0.01200000
1676328872,A,1492.07000000,0.18600000
1676328872,A,1492.08000000,0.12500000
1676328872,A,1492.09000000,0.14930000
1676328872,A,1492.10000000,2.67840000
1676328872,A,1492.11000000,6.00440000
1676328872,A,1492.12000000,0.02230000
1676328872,A,1492.15000000,2.43680000
1676328872,A,1492.16000000,6.09010000
1676328872,A,1492.19000000,0.73780000
1676328872,A,1492.21000000,0.01030000
1676328872,A,1492.23000000,1.80040000
1676328872,A,1492.25000000,0.03000000
1676328872,A,1492.26000000,2.74990000
1676328872,A,1492.28000000,1.19840000
1676328872,A,1492.30000000,0.81830000
1676328872,A,1492.31000000,1.98250000
1676328873,B,1491.97000000,23.73860000
1676328873,B,1491.96000000,0.34870000
1676328873,B,1491.92000000,4.67750000
1676328873,B,1491.88000000,0.95610000
1676328873,B,1491.86000000,0.52550000
1676328873,B,1491.85000000,0.01030000
1676328873,B,1491.84000000,0.68220000
1676328873,B,1491.83000000,2.66060000
1676328873,B,1491.82000000,5.65100000
1676328873,B,1491.81000000,0.26460000
1676328873,B,1491.78000000,1.92560000
1676328873,B,1491.77000000,2.50270000
1676328873,B,1491.76000000,2.59600000
1676328873,B,1491.75000000,6.14950000
1676328873,B,1491.70000000,0.01200000
1676328873,B,1491.68000000,1.00510000
1676328873,B,1491.67000000,0.01030000
1676328873,B,1491.65000000,3.43010000
1676328873,B,1491.64000000,8.53620000
1676328873,B,1491.63000000,3.21200000
1676328873,A,1491.98000000,8.28430000
1676328873,A,1492.03000000,0.01030000
1676328873,A,1492.05000000,0.01200000
1676328873,A,1492.08000000,0.12500000
1676328873,A,1492.10000000,2.40240000
1676328873,A,1492.11000000,6.00440000
1676328873,A,1492.12000000,0.02230000
1676328873,A,1492.16000000,5.81670000
1676328873,A,1492.19000000,0.73780000
1676328873,A,1492.21000000,0.01030000
1676328873,A,1492.23000000,1.80040000
1676328873,A,1492.25000000,0.03000000
1676328873,A,1492.26000000,2.74990000
1676328873,A,1492.28000000,1.19840000
1676328873,A,1492.30000000,0.81830000
1676328873,A,1492.31000000,1.98250000
1676328873,A,1492.33000000,1.92670000
1676328873,A,1492.34000000,2.00050000
1676328873,A,1492.37000000,3.34910000
1676328873,A,1492.39000000,1.01030000
1676328874,B,1491.97000000,23.73860000
1676328874,B,1491.96000000,0.34870000
1676328874,B,1491.92000000,4.67750000
1676328874,B,1491.88000000,0.95610000
1676328874,B,1491.86000000,0.52550000
1676328874,B,1491.85000000,0.01030000
1676328874,B,1491.84000000,0.68220000
1676328874,B,1491.83000000,2.66060000
1676328874,B,1491.82000000,5.65100000
1676328874,B,1491.81000000,0.26460000
1676328874,B,1491.78000000,1.92560000
1676328874,B,1491.77000000,2.50270000
1676328874,B,1491.76000000,2.59600000
1676328874,B,1491.75000000,6.14950000
1676328874,B,1491.70000000,0.01200000
1676328874,B,1491.68000000,1.00510000
1676328874,B,1491.67000000,0.01030000
1676328874,B,1491.65000000,3.43010000
1676328874,B,1491.64000000,5.33620000
1676328874,B,1491.63000000,0.01200000
1676328874,A,1491.98000000,8.28430000
1676328874,A,1492.01000000,0.17160000
1676328874,A,1492.02000000,0.03410000
1676328874,A,1492.03000000,0.01030000
1676328874,A,1492.05000000,0.01200000
1676328874,A,1492.06000000,0.29300000
1676328874,A,1492.08000000,0.35090000
1676328874,A,1492.09000000,0.34930000
1676328874,A,1492.10000000,2.40240000
1676328874,A,1492.11000000,6.00440000
1676328874,A,1492.12000000,0.02230000
1676328874,A,1492.16000000,5.98830000
1676328874,A,1492.19000000,0.73780000
1676328874,A,1492.21000000,0.01030000
1676328874,A,1492.23000000,1.80040000
1676328874,A,1492.25000000,0.03000000
1676328874,A,1492.26000000,2.74990000
1676328874,A,1492.28000000,1.19840000
1676328874,A,1492.30000000,0.81830000
1676328874,A,1492.31000000,1.98250000
1676328875,B,1491.97000000,23.70810000
1676328875,B,1491.96000000,0.34870000
1676328875,B,1491.92000000,4.67750000
1676328875,B,1491.88000000,0.95610000
1676328875,B,1491.86000000,0.52550000
1676328875,B,1491.85000000,0.01030000
1676328875,B,1491.84000000,0.68220000
1676328875,B,1491.83000000,2.66060000
1676328875,B,1491.82000000,5.65100000
1676328875,B,1491.81000000,0.26460000
1676328875,B,1491.78000000,1.92560000
1676328875,B,1491.77000000,2.50270000
1676328875,B,1491.76000000,2.59600000
1676328875,B,1491.75000000,6.14950000
1676328875,B,1491.70000000,0.01200000
1676328875,B,1491.68000000,1.00510000
1676328875,B,1491.67000000,0.01030000
1676328875,B,1491.65000000,3.43010000
1676328875,B,1491.64000000,5.33620000
1676328875,B,1491.63000000,0.01200000
1676328875,A,1491.98000000,7.69780000
1676328875,A,1492.01000000,0.17160000
1676328875,A,1492.02000000,0.03410000
1676328875,A,1492.03000000,0.01030000
1676328875,A,1492.05000000,0.01200000
1676328875,A,1492.06000000,0.29300000
1676328875,A,1492.08000000,0.35090000
1676328875,A,1492.09000000,0.34930000
1676328875,A,1492.10000000,2.40240000
1676328875,A,1492.11000000,6.00440000
1676328875,A,1492.12000000,0.02230000
1676328875,A,1492.16000000,5.98830000
1676328875,A,1492.19000000,0.73780000
1676328875,A,1492.21000000,0.01030000
1676328875,A,1492.23000000,1.80040000
1676328875,A,1492.25000000,0.03000000
1676328875,A,1492.26000000,2.74990000
1676328875,A,1492.28000000,1.19840000
1676328875,A,1492.30000000,0.81830000
1676328875,A,1492.31000000,1.98250000
1676328876,B,1491.97000000,17.26890000
1676328876,B,1491.96000000,0.34870000
1676328876,B,1491.92000000,4.67750000
1676328876,B,1491.91000000,0.01200000
1676328876,B,1491.88000000,0.95610000
1676328876,B,1491.86000000,0.52550000
1676328876,B,1491.85000000,0.01030000
1676328876,B,1491.84000000,0.68220000
1676328876,B,1491.83000000,2.66060000
1676328876,B,1491.82000000,5.65100000
1676328876,B,1491.81000000,0.26460000
1676328876,B,1491.78000000,1.92560000
1676328876,B,1491.77000000,2.50270000
1676328876,B,1491.76000000,2.59600000
1676328876,B,1491.75000000,6.04950000
1676328876,B,1491.70000000,0.01200000
1676328876,B,1491.68000000,1.00510000
1676328876,B,1491.67000000,0.01030000
1676328876,B,1491.65000000,3.43010000
1676328876,B,1491.64000000,5.33620000
1676328876,A,1491.98000000,6.95730000
1676328876,A,1492.01000000,0.11630000
1676328876,A,1492.03000000,0.01030000
1676328876,A,1492.05000000,0.01200000
1676328876,A,1492.07000000,0.48220000
1676328876,A,1492.10000000,2.40240000
1676328876,A,1492.11000000,6.00440000
1676328876,A,1492.12000000,0.02230000
1676328876,A,1492.16000000,5.93300000
1676328876,A,1492.18000000,2.09570000
1676328876,A,1492.19000000,5.23780000
1676328876,A,1492.20000000,0.10000000
1676328876,A,1492.21000000,0.01030000
1676328876,A,1492.23000000,1.80040000
1676328876,A,1492.25000000,0.03000000
1676328876,A,1492.26000000,2.71200000
1676328876,A,1492.28000000,1.19840000
1676328876,A,1492.30000000,1.91620000
1676328876,A,1492.31000000,1.98250000
1676328876,A,1492.33000000,4.72630000
1676328877,B,1491.97000000,16.18530000
1676328877,B,1491.96000000,0.61180000
1676328877,B,1491.92000000,4.67750000
1676328877,B,1491.91000000,0.01200000
1676328877,B,1491.88000000,0.95610000
1676328877,B,1491.86000000,0.52550000
1676328877,B,1491.85000000,0.01030000
1676328877,B,1491.84000000,0.68220000
1676328877,B,1491.83000000,2.66060000
1676328877,B,1491.82000000,5.65100000
1676328877,B,1491.81000000,0.52760000
1676328877,B,1491.78000000,1.92560000
1676328877,B,1491.77000000,2.50270000
1676328877,B,1491.76000000,2.59600000
1676328877,B,1491.75000000,6.04950000
1676328877,B,1491.70000000,0.01200000
1676328877,B,1491.68000000,1.00510000
1676328877,B,1491.67000000,0.01030000
1676328877,B,1491.65000000,3.43010000
1676328877,B,1491.64000000,5.33620000
1676328877,A,1491.98000000,10.89780000
1676328877,A,1492.01000000,0.19150000
1676328877,A,1492.03000000,0.01030000
1676328877,A,1492.05000000,0.01200000
1676328877,A,1492.07000000,0.48220000
1676328877,A,1492.08000000,0.24630000
1676328877,A,1492.10000000,2.50750000
1676328877,A,1492.11000000,6.00440000
1676328877,A,1492.12000000,0.02230000
1676328877,A,1492.15000000,2.40340000
1676328877,A,1492.16000000,6.00820000
1676328877,A,1492.19000000,0.73780000
1676328877,A,1492.20000000,0.10000000
1676328877,A,1492.21000000,0.01030000
1676328877,A,1492.23000000,1.80040000
1676328877,A,1492.25000000,0.03000000
1676328877,A,1492.26000000,2.71200000
1676328877,A,1492.28000000,1.19840000
1676328877,A,1492.30000000,0.81830000
1676328877,A,1492.31000000,1.98250000
1676328878,B,1491.97000000,15.90730000
1676328878,B,1491.96000000,0.08640000
1676328878,B,1491.92000000,4.67750000
1676328878,B,1491.91000000,0.01200000
1676328878,B,1491.88000000,1.19300000
1676328878,B,1491.85000000,0.01030000
1676328878,B,1491.84000000,0.68220000
1676328878,B,1491.83000000,2.66060000
1676328878,B,1491.82000000,5.92150000
1676328878,B,1491.78000000,1.92560000
1676328878,B,1491.77000000,2.50270000
1676328878,B,1491.76000000,2.59600000
1676328878,B,1491.75000000,6.04950000
1676328878,B,1491.70000000,0.01200000
1676328878,B,1491.68000000,1.00510000
1676328878,B,1491.67000000,0.01030000
1676328878,B,1491.65000000,3.43010000
1676328878,B,1491.64000000,5.33620000
1676328878,B,1491.63000000,0.01200000
1676328878,B,1491.62000000,1.00000000
1676328878,A,1491.98000000,14.23600000
1676328878,A,1492.01000000,0.19150000
1676328878,A,1492.03000000,0.01030000
1676328878,A,1492.05000000,0.01200000
1676328878,A,1492.07000000,0.48220000
1676328878,A,1492.08000000,0.24630000
1676328878,A,1492.10000000,0.10490000
1676328878,A,1492.11000000,6.00440000
1676328878,A,1492.12000000,0.02230000
1676328878,A,1492.15000000,2.40340000
1676328878,A,1492.16000000,6.00820000
1676328878,A,1492.19000000,0.73780000
1676328878,A,1492.20000000,0.10000000
1676328878,A,1492.21000000,0.01030000
1676328878,A,1492.23000000,1.80040000
1676328878,A,1492.25000000,0.03000000
1676328878,A,1492.26000000,2.71200000
1676328878,A,1492.28000000,1.19840000
1676328878,A,1492.30000000,0.81830000
1676328878,A,1492.31000000,1.98250000
1676328879,B,1492.02000000,40.63710000
1676328879,B,1492.01000000,1.69520000
1676328879,B,1491.99000000,2.75700000
1676328879,B,1491.97000000,0.04420000
1676328879,B,1491.93000000,1.00530000
1676328879,B,1491.91000000,0.01200000
1676328879,B,1491.90000000,1.60590000
1676328879,B,1491.89000000,2.70000000
1676328879,B,1491.88000000,0.01000000
1676328879,B,1491.85000000,0.01030000
1676328879,B,1491.84000000,1.65300000
1676328879,B,1491.83000000,3.88390000
1676328879,B,1491.82000000,7.02170000
1676328879,B,1491.80000000,0.10000000
1676328879,B,1491.78000000,1.92560000
1676328879,B,1491.77000000,2.50270000
1676328879,B,1491.76000000,3.32150000
1676328879,B,1491.75000000,6.04950000
1676328879,B,1491.72000000,0.03680000
1676328879,B,1491.71000000,0.02500000
1676328879,A,1492.03000000,0.00030000
1676328879,A,1492.05000000,0.01200000
1676328879,A,1492.11000000,0.67050000
1676328879,A,1492.12000000,0.02230000
1676328879,A,1492.15000000,2.40340000
1676328879,A,1492.16000000,5.81670000
1676328879,A,1492.19000000,0.01200000
1676328879,A,1492.20000000,4.50000000
1676328879,A,1492.21000000,0.01030000
1676328879,A,1492.25000000,0.03000000
1676328879,A,1492.26000000,0.01200000
1676328879,A,1492.28000000,1.19840000
1676328879,A,1492.30000000,0.81830000
1676328879,A,1492.31000000,1.98250000
1676328879,A,1492.33000000,0.01200000
1676328879,A,1492.39000000,1.01030000
1676328879,A,1492.40000000,0.01200000
1676328879,A,1492.41000000,2.70000000
1676328879,A,1492.42000000,2.01100000
1676328879,A,1492.43000000,0.67030000
1676328880,B,1492.09000000,24.41690000
1676328880,B,1492.08000000,0.79790000
1676328880,B,1492.03000000,0.78110000
1676328880,B,1492.02000000,2.87610000
1676328880,B,1491.99000000,1.78620000
1676328880,B,1491.98000000,0.01200000
1676328880,B,1491.97000000,0.04420000
1676328880,B,1491.94000000,0.73220000
1676328880,B,1491.93000000,1.80320000
1676328880,B,1491.91000000,0.01200000
1676328880,B,1491.90000000,1.60590000
1676328880,B,1491.89000000,2.73000000
1676328880,B,1491.87000000,3.44900000
1676328880,B,1491.85000000,1.01530000
1676328880,B,1491.84000000,0.68220000
1676328880,B,1491.83000000,2.66060000
1676328880,B,1491.82000000,3.95640000
1676328880,B,1491.78000000,1.92560000
1676328880,B,1491.77000000,2.47270000
1676328880,B,1491.76000000,3.32150000
1676328880,A,1492.10000000,4.49870000
1676328880,A,1492.11000000,0.67050000
1676328880,A,1492.12000000,0.17850000
1676328880,A,1492.13000000,4.12670000
1676328880,A,1492.16000000,5.81670000
1676328880,A,1492.18000000,0.41470000
1676328880,A,1492.19000000,0.01200000
1676328880,A,1492.20000000,0.12470000
1676328880,A,1492.21000000,0.01030000
1676328880,A,1492.25000000,0.03000000
1676328880,A,1492.26000000,0.01200000
1676328880,A,1492.27000000,0.15620000
1676328880,A,1492.28000000,1.19840000
1676328880,A,1492.30000000,0.81830000
1676328880,A,1492.31000000,1.94570000
1676328880,A,1492.33000000,0.01200000
1676328880,A,1492.39000000,1.01030000
1676328880,A,1492.40000000,0.01200000
1676328880,A,1492.41000000,2.70000000
1676328880,A,1492.42000000,2.01100000
1676328881,B,1492.09000000,24.41690000
1676328881,B,1492.08000000,0.86210000
1676328881,B,1492.03000000,0.78110000
1676328881,B,1492.02000000,2.78970000
1676328881,B,1492.00000000,0.01000000
1676328881,B,1491.99000000,1.78620000
1676328881,B,1491.98000000,0.01200000
1676328881,B,1491.97000000,0.02660000
1676328881,B,1491.94000000,0.73220000
1676328881,B,1491.93000000,1.80320000
1676328881,B,1491.91000000,1.82490000
1676328881,B,1491.90000000,2.80470000
1676328881,B,1491.89000000,2.73000000
1676328881,B,1491.87000000,3.44900000
1676328881,B,1491.85000000,1.01530000
1676328881,B,1491.84000000,0.68220000
1676328881,B,1491.83000000,2.66060000
1676328881,B,1491.82000000,3.95640000
1676328881,B,1491.78000000,1.92560000
1676328881,B,1491.77000000,2.47270000
1676328881,A,1492.10000000,4.49870000
1676328881,A,1492.11000000,0.67050000
1676328881,A,1492.12000000,0.24930000
1676328881,A,1492.13000000,4.12670000
1676328881,A,1492.16000000,5.81670000
1676328881,A,1492.18000000,0.63930000
1676328881,A,1492.19000000,0.38270000
1676328881,A,1492.21000000,0.14490000
1676328881,A,1492.25000000,4.53000000
1676328881,A,1492.26000000,0.01200000
1676328881,A,1492.27000000,0.22700000
1676328881,A,1492.28000000,1.19840000
1676328881,A,1492.30000000,0.81830000
1676328881,A,1492.31000000,1.94570000
1676328881,A,1492.33000000,0.01200000
1676328881,A,1492.39000000,1.01030000
1676328881,A,1492.40000000,0.01200000
1676328881,A,1492.41000000,2.70000000
1676328881,A,1492.42000000,2.01100000
1676328881,A,1492.43000000,0.67030000
1676328882,B,1492.09000000,13.24980000
1676328882,B,1492.08000000,0.06420000
1676328882,B,1492.03000000,0.67890000
1676328882,B,1492.02000000,1.68650000
1676328882,B,1492.00000000,0.01000000
1676328882,B,1491.98000000,0.01200000
1676328882,B,1491.97000000,0.02660000
1676328882,B,1491.94000000,0.86390000
1676328882,B,1491.93000000,1.00530000
1676328882,B,1491.91000000,1.82490000
1676328882,B,1491.90000000,2.80470000
1676328882,B,1491.89000000,2.73000000
1676328882,B,1491.87000000,0.10000000
1676328882,B,1491.85000000,1.01530000
1676328882,B,1491.84000000,0.68220000
1676328882,B,1491.83000000,2.66060000
1676328882,B,1491.82000000,3.95640000
1676328882,B,1491.78000000,1.92560000
1676328882,B,1491.77000000,2.47270000
1676328882,B,1491.76000000,3.32150000
1676328882,A,1492.10000000,14.65220000
1676328882,A,1492.11000000,0.67050000
1676328882,A,1492.12000000,0.32020000
1676328882,A,1492.13000000,4.12670000
1676328882,A,1492.16000000,5.81670000
1676328882,A,1492.18000000,0.63930000
1676328882,A,1492.19000000,0.38270000
1676328882,A,1492.21000000,0.14040000
1676328882,A,1492.25000000,4.53000000
1676328882,A,1492.26000000,0.01200000
1676328882,A,1492.27000000,0.29790000
1676328882,A,1492.28000000,1.19840000
1676328882,A,1492.30000000,0.02530000
1676328882,A,1492.31000000,3.28540000
1676328882,A,1492.32000000,3.34890000
1676328882,A,1492.33000000,0.01200000
1676328882,A,1492.39000000,1.01030000
1676328882,A,1492.40000000,1.01380000
1676328882,A,1492.41000000,2.70000000
1676328882,A,1492.42000000,2.01100000
1676328883,B,1492.09000000,0.90000000
1676328883,B,1492.08000000,0.06420000
1676328883,B,1492.00000000,0.01000000
1676328883,B,1491.98000000,0.01200000
1676328883,B,1491.97000000,0.02660000
1676328883,B,1491.94000000,0.73220000
1676328883,B,1491.91000000,1.82490000
1676328883,B,1491.90000000,1.19880000
1676328883,B,1491.89000000,0.03000000
1676328883,B,1491.87000000,0.10000000
1676328883,B,1491.85000000,1.01530000
1676328883,B,1491.84000000,0.68220000
1676328883,B,1491.81000000,0.77020000
1676328883,B,1491.80000000,1.01090000
1676328883,B,1491.78000000,1.92560000
1676328883,B,1491.77000000,1.35860000
1676328883,B,1491.76000000,0.73580000
1676328883,B,1491.75000000,2.70000000
1676328883,B,1491.72000000,5.03680000
1676328883,B,1491.71000000,0.50000000
1676328883,A,1492.10000000,23.60070000
1676328883,A,1492.11000000,0.67050000
1676328883,A,1492.12000000,0.32020000
1676328883,A,1492.13000000,4.12670000
1676328883,A,1492.16000000,5.81670000
1676328883,A,1492.18000000,0.63930000
1676328883,A,1492.19000000,0.38270000
1676328883,A,1492.21000000,0.14040000
1676328883,A,1492.24000000,2.89220000
1676328883,A,1492.25000000,7.23000000
1676328883,A,1492.26000000,0.01200000
1676328883,A,1492.27000000,0.29790000
1676328883,A,1492.28000000,1.19840000
1676328883,A,1492.30000000,0.02530000
1676328883,A,1492.31000000,3.28540000
1676328883,A,1492.32000000,3.34890000
1676328883,A,1492.33000000,0.01200000
1676328883,A,1492.34000000,2.00100000
1676328883,A,1492.39000000,1.01030000
1676328883,A,1492.40000000,1.01380000
1676328884,B,1491.85000000,2.26580000
1676328884,B,1491.84000000,0.01200000
1676328884,B,1491.77000000,0.01200000
1676328884,B,1491.76000000,1.74090000
1676328884,B,1491.74000000,0.03000000
1676328884,B,1491.73000000,0.68000000
1676328884,B,1491.72000000,0.03680000
1676328884,B,1491.70000000,1.69790000
1676328884,B,1491.68000000,1.78450000
1676328884,B,1491.67000000,0.01030000
1676328884,B,1491.63000000,0.01200000
1676328884,B,1491.62000000,11.15240000
1676328884,B,1491.61000000,15.07900000
1676328884,B,1491.59000000,3.55450000
1676328884,B,1491.58000000,0.01030000
1676328884,B,1491.56000000,0.21200000
1676328884,B,1491.54000000,1.74270000
1676328884,B,1491.53000000,3.01570000
1676328884,B,1491.52000000,0.67090000
1676328884,B,1491.49000000,2.43510000
1676328884,A,1491.86000000,9.07570000
1676328884,A,1491.90000000,1.04240000
1676328884,A,1491.93000000,1.59480000
1676328884,A,1491.94000000,3.98600000
1676328884,A,1491.95000000,0.25510000
1676328884,A,1491.96000000,0.01000000
1676328884,A,1491.97000000,1.00550000
1676328884,A,1491.98000000,2.11070000
1676328884,A,1491.99000000,2.40220000
1676328884,A,1492.00000000,4.50000000
1676328884,A,1492.01000000,6.00440000
1676328884,A,1492.03000000,0.01030000
1676328884,A,1492.05000000,8.39910000
1676328884,A,1492.06000000,10.10000000
1676328884,A,1492.07000000,6.40000000
1676328884,A,1492.08000000,9.96040000
1676328884,A,1492.09000000,7.52590000
1676328884,A,1492.11000000,0.03000000
1676328884,A,1492.12000000,2.72230000
1676328884,A,1492.13000000,4.12670000
1676328885,B,1491.84000000,0.00200000
1676328885,B,1491.77000000,0.01200000
1676328885,B,1491.76000000,1.74090000
1676328885,B,1491.74000000,0.03000000
1676328885,B,1491.73000000,0.68000000
1676328885,B,1491.72000000,0.03680000
1676328885,B,1491.70000000,0.01200000
1676328885,B,1491.69000000,0.71430000
1676328885,B,1491.68000000,1.78450000
1676328885,B,1491.67000000,0.01030000
1676328885,B,1491.63000000,0.01200000
1676328885,B,1491.62000000,11.15240000
1676328885,B,1491.61000000,15.07900000
1676328885,B,1491.59000000,3.55450000
1676328885,B,1491.58000000,0.01030000
1676328885,B,1491.56000000,0.21200000
1676328885,B,1491.54000000,1.74270000
1676328885,B,1491.53000000,3.01570000
1676328885,B,1491.52000000,0.67090000
1676328885,B,1491.49000000,2.43510000
1676328885,A,1491.85000000,32.33800000
1676328885,A,1491.86000000,0.86460000
1676328885,A,1491.90000000,1.04240000
1676328885,A,1491.93000000,2.39310000
1676328885,A,1491.94000000,5.98260000
1676328885,A,1491.95000000,0.25510000
1676328885,A,1491.96000000,0.01000000
1676328885,A,1491.97000000,1.00550000
1676328885,A,1491.98000000,1.01750000
1676328885,A,1491.99000000,1.97330000
1676328885,A,1492.03000000,0.01030000
1676328885,A,1492.04000000,1.78190000
1676328885,A,1492.05000000,8.39910000
1676328885,A,1492.06000000,10.10000000
1676328885,A,1492.07000000,6.40000000
1676328885,A,1492.08000000,5.46040000
1676328885,A,1492.09000000,2.99640000
1676328885,A,1492.11000000,0.03000000
1676328885,A,1492.12000000,2.72230000
1676328885,A,1492.13000000,4.12670000
1676328886,B,1491.84000000,0.00200000
1676328886,B,1491.77000000,0.72060000
1676328886,B,1491.76000000,1.74090000
1676328886,B,1491.74000000,0.03000000
1676328886,B,1491.72000000,0.03680000
1676328886,B,1491.70000000,0.01200000
1676328886,B,1491.67000000,0.01030000
1676328886,B,1491.63000000,0.01200000
1676328886,B,1491.62000000,11.15240000
1676328886,B,1491.61000000,15.07900000
1676328886,B,1491.59000000,3.55450000
1676328886,B,1491.58000000,0.01030000
1676328886,B,1491.56000000,0.21200000
1676328886,B,1491.54000000,1.74270000
1676328886,B,1491.53000000,3.01570000
1676328886,B,1491.52000000,0.67090000
1676328886,B,1491.49000000,2.43510000
1676328886,B,1491.48000000,6.03140000
1676328886,B,1491.47000000,0.03000000
1676328886,B,1491.45000000,0.04160000
1676328886,A,1491.85000000,33.38030000
1676328886,A,1491.86000000,0.86460000
1676328886,A,1491.90000000,1.04240000
1676328886,A,1491.92000000,2.68130000
1676328886,A,1491.93000000,2.39310000
1676328886,A,1491.94000000,3.01240000
1676328886,A,1491.95000000,0.25510000
1676328886,A,1491.96000000,0.01000000
1676328886,A,1491.97000000,1.00550000
1676328886,A,1491.98000000,1.01750000
1676328886,A,1491.99000000,1.97330000
1676328886,A,1492.03000000,0.01030000
1676328886,A,1492.04000000,1.78190000
1676328886,A,1492.05000000,8.39910000
1676328886,A,1492.06000000,10.10000000
1676328886,A,1492.07000000,6.50000000
1676328886,A,1492.08000000,5.36040000
1676328886,A,1492.09000000,2.99640000
1676328886,A,1492.11000000,0.03000000
1676328886,A,1492.12000000,3.55960000
1676328887,B,1491.84000000,28.82900000
1676328887,B,1491.83000000,1.64230000
1676328887,B,1491.80000000,0.55520000
1676328887,B,1491.77000000,1.85580000
1676328887,B,1491.76000000,2.60960000
1676328887,B,1491.74000000,0.03000000
1676328887,B,1491.72000000,0.03680000
1676328887,B,1491.71000000,0.52580000
1676328887,B,1491.70000000,0.01200000
1676328887,B,1491.67000000,0.01030000
1676328887,B,1491.64000000,1.26810000
1676328887,B,1491.63000000,0.01200000
1676328887,B,1491.62000000,14.50180000
1676328887,B,1491.61000000,15.07900000
1676328887,B,1491.59000000,3.55450000
1676328887,B,1491.58000000,0.01030000
1676328887,B,1491.56000000,0.01200000
1676328887,B,1491.54000000,2.48640000
1676328887,B,1491.53000000,6.21570000
1676328887,B,1491.52000000,0.67090000
1676328887,A,1491.85000000,0.01080000
1676328887,A,1491.86000000,0.09410000
1676328887,A,1491.91000000,0.01200000
1676328887,A,1491.92000000,2.68130000
1676328887,A,1491.94000000,0.01030000
1676328887,A,1491.96000000,0.01000000
1676328887,A,1491.98000000,0.01200000
1676328887,A,1492.03000000,1.81050000
1676328887,A,1492.04000000,4.50000000
1676328887,A,1492.05000000,1.01200000
1676328887,A,1492.07000000,0.10000000
1676328887,A,1492.09000000,1.16660000
1676328887,A,1492.11000000,1.11970000
1676328887,A,1492.12000000,2.72230000
1676328887,A,1492.13000000,4.12670000
1676328887,A,1492.16000000,5.81670000
1676328887,A,1492.19000000,0.01200000
1676328887,A,1492.20000000,1.99660000
1676328887,A,1492.21000000,0.01030000
1676328887,A,1492.23000000,0.10000000
1676328888,B,1491.93000000,37.87840000
1676328888,B,1491.86000000,8.81070000
1676328888,B,1491.85000000,2.58570000
1676328888,B,1491.84000000,0.01200000
1676328888,B,1491.83000000,1.64230000
1676328888,B,1491.81000000,0.20000000
1676328888,B,1491.77000000,1.09280000
1676328888,B,1491.76000000,3.59130000
1676328888,B,1491.75000000,2.70000000
1676328888,B,1491.74000000,0.03000000
1676328888,B,1491.72000000,0.03680000
1676328888,B,1491.71000000,3.97520000
1676328888,B,1491.70000000,0.01200000
1676328888,B,1491.68000000,1.97840000
1676328888,B,1491.67000000,0.01030000
1676328888,B,1491.64000000,1.26810000
1676328888,B,1491.63000000,0.01200000
1676328888,B,1491.62000000,14.50180000
1676328888,B,1491.61000000,15.09400000
1676328888,B,1491.59000000,0.85450000
1676328888,A,1491.94000000,6.71890000
1676328888,A,1491.96000000,0.01000000
1676328888,A,1491.98000000,0.01200000
1676328888,A,1492.03000000,0.01030000
1676328888,A,1492.05000000,0.01200000
1676328888,A,1492.09000000,1.16660000
1676328888,A,1492.11000000,0.03000000
1676328888,A,1492.12000000,0.02230000
1676328888,A,1492.13000000,4.12670000
1676328888,A,1492.16000000,5.81670000
1676328888,A,1492.19000000,0.01200000
1676328888,A,1492.20000000,1.99660000
1676328888,A,1492.21000000,0.01030000
1676328888,A,1492.24000000,1.08070000
1676328888,A,1492.25000000,2.70000000
1676328888,A,1492.26000000,0.01200000
1676328888,A,1492.28000000,1.87610000
1676328888,A,1492.29000000,2.01100000
1676328888,A,1492.30000000,0.32530000
1676328888,A,1492.31000000,1.97670000
1676328889,B,1491.93000000,41.24830000
1676328889,B,1491.86000000,8.81070000
1676328889,B,1491.85000000,2.58570000
1676328889,B,1491.84000000,0.01200000
1676328889,B,1491.83000000,1.64230000
1676328889,B,1491.78000000,0.40000000
1676328889,B,1491.77000000,1.09280000
1676328889,B,1491.76000000,3.59130000
1676328889,B,1491.75000000,2.70000000
1676328889,B,1491.74000000,0.03000000
1676328889,B,1491.72000000,1.14140000
1676328889,B,1491.71000000,3.97520000
1676328889,B,1491.70000000,0.01200000
1676328889,B,1491.68000000,1.97840000
1676328889,B,1491.67000000,0.01030000
1676328889,B,1491.65000000,2.41750000
1676328889,B,1491.64000000,1.26810000
1676328889,B,1491.63000000,6.04340000
1676328889,B,1491.62000000,14.50180000
1676328889,B,1491.61000000,15.09400000
1676328889,A,1491.94000000,6.71890000
1676328889,A,1491.98000000,0.01200000
1676328889,A,1492.03000000,0.01030000
1676328889,A,1492.05000000,0.01200000
1676328889,A,1492.09000000,1.16660000
1676328889,A,1492.11000000,1.83900000
1676328889,A,1492.12000000,4.52230000
1676328889,A,1492.13000000,4.12670000
