time,side,price,qty
1676328824,B,0.37100000,27198.00000000
1676328824,B,0.37090000,55943.00000000
1676328824,B,0.37080000,112965.00000000
1676328824,B,0.37070000,85751.00000000
1676328824,B,0.37060000,40212.00000000
1676328824,B,0.37050000,59586.00000000
1676328824,B,0.37040000,154065.00000000
1676328824,B,0.37030000,42830.00000000
1676328824,B,0.37020000,254779.00000000
1676328824,B,0.37010000,64578.00000000
1676328824,B,0.37000000,95437.00000000
1676328824,B,0.36990000,255635.00000000
1676328824,B,0.36980000,132447.00000000
1676328824,B,0.36970000,27959.00000000
1676328824,B,0.36960000,9990.00000000
1676328824,B,0.36950000,39290.00000000
1676328824,B,0.36940000,342959.00000000
1676328824,B,0.36930000,13458.00000000
1676328824,B,0.36920000,15093.00000000
1676328824,B,0.36910000,12182.00000000
1676328824,A,0.37110000,57715.00000000
1676328824,A,0.37120000,108531.00000000
1676328824,A,0.37130000,92498.00000000
1676328824,A,0.37140000,111827.00000000
1676328824,A,0.37150000,90861.00000000
1676328824,A,0.37160000,132085.00000000
1676328824,A,0.37170000,79080.00000000
1676328824,A,0.37180000,152041.00000000
1676328824,A,0.37190000,165621.00000000
1676328824,A,0.37200000,207307.00000000
1676328824,A,0.37210000,48127.00000000
1676328824,A,0.37220000,77312.00000000
1676328824,A,0.37230000,21684.00000000
1676328824,A,0.37240000,10492.00000000
1676328824,A,0.37250000,11611.00000000
1676328824,A,0.37260000,24001.00000000
1676328824,A,0.37270000,15220.00000000
1676328824,A,0.37280000,537328.00000000
1676328824,A,0.37290000,28712.00000000
1676328824,A,0.37300000,15637.00000000
1676328825,B,0.37100000,11789.00000000
1676328825,B,0.37090000,55741.00000000
1676328825,B,0.37080000,112965.00000000
1676328825,B,0.37070000,115432.00000000
1676328825,B,0.37060000,40212.00000000
1676328825,B,0.37050000,59586.00000000
1676328825,B,0.37040000,154065.00000000
1676328825,B,0.37030000,42830.00000000
1676328825,B,0.37020000,254779.00000000
1676328825,B,0.37010000,64578.00000000
1676328825,B,0.37000000,95437.00000000
1676328825,B,0.36990000,255635.00000000
1676328825,B,0.36980000,132447.00000000
1676328825,B,0.36970000,27959.00000000
1676328825,B,0.36960000,9990.00000000
1676328825,B,0.36950000,39290.00000000
1676328825,B,0.36940000,342959.00000000
1676328825,B,0.36930000,13458.00000000
1676328825,B,0.36920000,15093.00000000
1676328825,B,0.36910000,12182.00000000
1676328825,A,0.37110000,57715.00000000
1676328825,A,0.37120000,108531.00000000
1676328825,A,0.37130000,92498.00000000
1676328825,A,0.37140000,111827.00000000
1676328825,A,0.37150000,90861.00000000
1676328825,A,0.37160000,132085.00000000
1676328825,A,0.37170000,79080.00000000
1676328825,A,0.37180000,152041.00000000
1676328825,A,0.37190000,165621.00000000
1676328825,A,0.37200000,207307.00000000
1676328825,A,0.37210000,48127.00000000
1676328825,A,0.37220000,77312.00000000
1676328825,A,0.37230000,21684.00000000
1676328825,A,0.37240000,10492.00000000
1676328825,A,0.37250000,11611.00000000
1676328825,A,0.37260000,24001.00000000
1676328825,A,0.37270000,15220.00000000
1676328825,A,0.37280000,537328.00000000
1676328825,A,0.37290000,28712.00000000
1676328825,A,0.37300000,15637.00000000
1676328826,B,0.37100000,11512.00000000
1676328826,B,0.37090000,41543.00000000
1676328826,B,0.37080000,74556.00000000
1676328826,B,0.37070000,115437.00000000
1676328826,B,0.37060000,53148.00000000
1676328826,B,0.37050000,59586.00000000
1676328826,B,0.37040000,154065.00000000
1676328826,B,0.37030000,42830.00000000
1676328826,B,0.37020000,254779.00000000
1676328826,B,0.37010000,64578.00000000
1676328826,B,0.37000000,95437.00000000
1676328826,B,0.36990000,212509.00000000
1676328826,B,0.36980000,175571.00000000
1676328826,B,0.36970000,27959.00000000
1676328826,B,0.36960000,9990.00000000
1676328826,B,0.36950000,39290.00000000
1676328826,B,0.36940000,342959.00000000
1676328826,B,0.36930000,13458.00000000
1676328826,B,0.36920000,15093.00000000
1676328826,B,0.36910000,12182.00000000
1676328826,A,0.37110000,75796.00000000
1676328826,A,0.37120000,108532.00000000
1676328826,A,0.37130000,95202.00000000
1676328826,A,0.37140000,111827.00000000
1676328826,A,0.37150000,90861.00000000
1676328826,A,0.37160000,132085.00000000
1676328826,A,0.37170000,79080.00000000
1676328826,A,0.37180000,152041.00000000
1676328826,A,0.37190000,165621.00000000
1676328826,A,0.37200000,207307.00000000
1676328826,A,0.37210000,48127.00000000
1676328826,A,0.37220000,77312.00000000
1676328826,A,0.37230000,21684.00000000
1676328826,A,0.37240000,10492.00000000
1676328826,A,0.37250000,11611.00000000
1676328826,A,0.37260000,24001.00000000
1676328826,A,0.37270000,15220.00000000
1676328826,A,0.37280000,537328.00000000
1676328826,A,0.37290000,28712.00000000
1676328826,A,0.37300000,15637.00000000
1676328827,B,0.37100000,11512.00000000
1676328827,B,0.37090000,52651.00000000
1676328827,B,0.37080000,74556.00000000
1676328827,B,0.37070000,115437.00000000
1676328827,B,0.37060000,53148.00000000
1676328827,B,0.37050000,59586.00000000
1676328827,B,0.37040000,154065.00000000
1676328827,B,0.37030000,42830.00000000
1676328827,B,0.37020000,254779.00000000
1676328827,B,0.37010000,64578.00000000
1676328827,B,0.37000000,95437.00000000
1676328827,B,0.36990000,212509.00000000
1676328827,B,0.36980000,175571.00000000
1676328827,B,0.36970000,27959.00000000
1676328827,B,0.36960000,9990.00000000
1676328827,B,0.36950000,39290.00000000
1676328827,B,0.36940000,342959.00000000
1676328827,B,0.36930000,13458.00000000
1676328827,B,0.36920000,15093.00000000
1676328827,B,0.36910000,12182.00000000
1676328827,A,0.37110000,75796.00000000
1676328827,A,0.37120000,108532.00000000
1676328827,A,0.37130000,95202.00000000
1676328827,A,0.37140000,111827.00000000
1676328827,A,0.37150000,90861.00000000
1676328827,A,0.37160000,132085.00000000
1676328827,A,0.37170000,79080.00000000
1676328827,A,0.37180000,152041.00000000
1676328827,A,0.37190000,165621.00000000
1676328827,A,0.37200000,207307.00000000
1676328827,A,0.37210000,48127.00000000
1676328827,A,0.37220000,77312.00000000
1676328827,A,0.37230000,21684.00000000
1676328827,A,0.37240000,10492.00000000
1676328827,A,0.37250000,11611.00000000
1676328827,A,0.37260000,24001.00000000
1676328827,A,0.37270000,15220.00000000
1676328827,A,0.37280000,537328.00000000
1676328827,A,0.37290000,28712.00000000
1676328827,A,0.37300000,15637.00000000
1676328828,B,0.37100000,11512.00000000
1676328828,B,0.37090000,52531.00000000
1676328828,B,0.37080000,74676.00000000
1676328828,B,0.37070000,115437.00000000
1676328828,B,0.37060000,53148.00000000
1676328828,B,0.37050000,59586.00000000
1676328828,B,0.37040000,154065.00000000
1676328828,B,0.37030000,42830.00000000
1676328828,B,0.37020000,254779.00000000
1676328828,B,0.37010000,64578.00000000
1676328828,B,0.37000000,95437.00000000
1676328828,B,0.36990000,212509.00000000
1676328828,B,0.36980000,175571.00000000
1676328828,B,0.36970000,27959.00000000
1676328828,B,0.36960000,9990.00000000
1676328828,B,0.36950000,39290.00000000
1676328828,B,0.36940000,342959.00000000
1676328828,B,0.36930000,13458.00000000
1676328828,B,0.36920000,15093.00000000
1676328828,B,0.36910000,12182.00000000
1676328828,A,0.37110000,75796.00000000
1676328828,A,0.37120000,108532.00000000
1676328828,A,0.37130000,92509.00000000
1676328828,A,0.37140000,111827.00000000
1676328828,A,0.37150000,90861.00000000
1676328828,A,0.37160000,132085.00000000
1676328828,A,0.37170000,79080.00000000
1676328828,A,0.37180000,152041.00000000
1676328828,A,0.37190000,165621.00000000
1676328828,A,0.37200000,207307.00000000
1676328828,A,0.37210000,48127.00000000
1676328828,A,0.37220000,77312.00000000
1676328828,A,0.37230000,21684.00000000
1676328828,A,0.37240000,10492.00000000
1676328828,A,0.37250000,11611.00000000
1676328828,A,0.37260000,24001.00000000
1676328828,A,0.37270000,15220.00000000
1676328828,A,0.37280000,537328.00000000
1676328828,A,0.37290000,28712.00000000
1676328828,A,0.37300000,15637.00000000
1676328829,B,0.37100000,11512.00000000
1676328829,B,0.37090000,52531.00000000
1676328829,B,0.37080000,74676.00000000
1676328829,B,0.37070000,115437.00000000
1676328829,B,0.37060000,53148.00000000
1676328829,B,0.37050000,59586.00000000
1676328829,B,0.37040000,154065.00000000
1676328829,B,0.37030000,42830.00000000
1676328829,B,0.37020000,254779.00000000
1676328829,B,0.37010000,64578.00000000
1676328829,B,0.37000000,95437.00000000
1676328829,B,0.36990000,212509.00000000
1676328829,B,0.36980000,175571.00000000
1676328829,B,0.36970000,27959.00000000
1676328829,B,0.36960000,9990.00000000
1676328829,B,0.36950000,39290.00000000
1676328829,B,0.36940000,342959.00000000
1676328829,B,0.36930000,13458.00000000
1676328829,B,0.36920000,15093.00000000
1676328829,B,0.36910000,12182.00000000
1676328829,A,0.37110000,75796.00000000
1676328829,A,0.37120000,108532.00000000
1676328829,A,0.37130000,95202.00000000
1676328829,A,0.37140000,111827.00000000
1676328829,A,0.37150000,90861.00000000
1676328829,A,0.37160000,132085.00000000
1676328829,A,0.37170000,79080.00000000
1676328829,A,0.37180000,152041.00000000
1676328829,A,0.37190000,165621.00000000
1676328829,A,0.37200000,207307.00000000
1676328829,A,0.37210000,48127.00000000
1676328829,A,0.37220000,77312.00000000
1676328829,A,0.37230000,21684.00000000
1676328829,A,0.37240000,10492.00000000
1676328829,A,0.37250000,11611.00000000
1676328829,A,0.37260000,24001.00000000
1676328829,A,0.37270000,15220.00000000
1676328829,A,0.37280000,537328.00000000
1676328829,A,0.37290000,28712.00000000
1676328829,A,0.37300000,15637.00000000
1676328830,B,0.37100000,11512.00000000
1676328830,B,0.37090000,52008.00000000
1676328830,B,0.37080000,74676.00000000
1676328830,B,0.37070000,115437.00000000
1676328830,B,0.37060000,53148.00000000
1676328830,B,0.37050000,59586.00000000
1676328830,B,0.37040000,154065.00000000
1676328830,B,0.37030000,42830.00000000
1676328830,B,0.37020000,254779.00000000
1676328830,B,0.37010000,64578.00000000
1676328830,B,0.37000000,95437.00000000
1676328830,B,0.36990000,212509.00000000
1676328830,B,0.36980000,175571.00000000
1676328830,B,0.36970000,27959.00000000
1676328830,B,0.36960000,9990.00000000
1676328830,B,0.36950000,39290.00000000
1676328830,B,0.36940000,342959.00000000
1676328830,B,0.36930000,13458.00000000
1676328830,B,0.36920000,15093.00000000
1676328830,B,0.36910000,12182.00000000
1676328830,A,0.37110000,75796.00000000
1676328830,A,0.37120000,108532.00000000
1676328830,A,0.37130000,95202.00000000
1676328830,A,0.37140000,111827.00000000
1676328830,A,0.37150000,90861.00000000
1676328830,A,0.37160000,132085.00000000
1676328830,A,0.37170000,79080.00000000
1676328830,A,0.37180000,152041.00000000
1676328830,A,0.37190000,165621.00000000
1676328830,A,0.37200000,207307.00000000
1676328830,A,0.37210000,48127.00000000
1676328830,A,0.37220000,77312.00000000
1676328830,A,0.37230000,21684.00000000
1676328830,A,0.37240000,10492.00000000
1676328830,A,0.37250000,11611.00000000
1676328830,A,0.37260000,24001.00000000
1676328830,A,0.37270000,15220.00000000
1676328830,A,0.37280000,537328.00000000
1676328830,A,0.37290000,28712.00000000
1676328830,A,0.37300000,15637.00000000
1676328831,B,0.37100000,11512.00000000
1676328831,B,0.37090000,52008.00000000
1676328831,B,0.37080000,74676.00000000
1676328831,B,0.37070000,115437.00000000
1676328831,B,0.37060000,53148.00000000
1676328831,B,0.37050000,59586.00000000
1676328831,B,0.37040000,154065.00000000
1676328831,B,0.37030000,42830.00000000
1676328831,B,0.37020000,254779.00000000
1676328831,B,0.37010000,64578.00000000
1676328831,B,0.37000000,95437.00000000
1676328831,B,0.36990000,212509.00000000
1676328831,B,0.36980000,175571.00000000
1676328831,B,0.36970000,27959.00000000
1676328831,B,0.36960000,9990.00000000
1676328831,B,0.36950000,39290.00000000
1676328831,B,0.36940000,342959.00000000
1676328831,B,0.36930000,13458.00000000
1676328831,B,0.36920000,15093.00000000
1676328831,B,0.36910000,12182.00000000
1676328831,A,0.37110000,75816.00000000
1676328831,A,0.37120000,108492.00000000
1676328831,A,0.37130000,95201.00000000
1676328831,A,0.37140000,111827.00000000
1676328831,A,0.37150000,90861.00000000
1676328831,A,0.37160000,132085.00000000
1676328831,A,0.37170000,79080.00000000
1676328831,A,0.37180000,152041.00000000
1676328831,A,0.37190000,165621.00000000
1676328831,A,0.37200000,207307.00000000
1676328831,A,0.37210000,48127.00000000
1676328831,A,0.37220000,77312.00000000
1676328831,A,0.37230000,21684.00000000
1676328831,A,0.37240000,10492.00000000
1676328831,A,0.37250000,11611.00000000
1676328831,A,0.37260000,24001.00000000
1676328831,A,0.37270000,15220.00000000
1676328831,A,0.37280000,537328.00000000
1676328831,A,0.37290000,28712.00000000
1676328831,A,0.37300000,15637.00000000
1676328832,B,0.37100000,11512.00000000
1676328832,B,0.37090000,52008.00000000
1676328832,B,0.37080000,74676.00000000
1676328832,B,0.37070000,115437.00000000
1676328832,B,0.37060000,53148.00000000
1676328832,B,0.37050000,59586.00000000
1676328832,B,0.37040000,154065.00000000
1676328832,B,0.37030000,42830.00000000
1676328832,B,0.37020000,254779.00000000
1676328832,B,0.37010000,64578.00000000
1676328832,B,0.37000000,95437.00000000
1676328832,B,0.36990000,212509.00000000
1676328832,B,0.36980000,175571.00000000
1676328832,B,0.36970000,27959.00000000
1676328832,B,0.36960000,9990.00000000
1676328832,B,0.36950000,39290.00000000
1676328832,B,0.36940000,342959.00000000
1676328832,B,0.36930000,13458.00000000
1676328832,B,0.36920000,15093.00000000
1676328832,B,0.36910000,12182.00000000
1676328832,A,0.37110000,75816.00000000
1676328832,A,0.37120000,108492.00000000
1676328832,A,0.37130000,95201.00000000
1676328832,A,0.37140000,111827.00000000
1676328832,A,0.37150000,90861.00000000
1676328832,A,0.37160000,132085.00000000
1676328832,A,0.37170000,79080.00000000
1676328832,A,0.37180000,152041.00000000
1676328832,A,0.37190000,165621.00000000
1676328832,A,0.37200000,207307.00000000
1676328832,A,0.37210000,48127.00000000
1676328832,A,0.37220000,77312.00000000
1676328832,A,0.37230000,21684.00000000
1676328832,A,0.37240000,10492.00000000
1676328832,A,0.37250000,11611.00000000
1676328832,A,0.37260000,24001.00000000
1676328832,A,0.37270000,15220.00000000
1676328832,A,0.37280000,537328.00000000
1676328832,A,0.37290000,28712.00000000
1676328832,A,0.37300000,15637.00000000
1676328833,B,0.37100000,11512.00000000
1676328833,B,0.37090000,52008.00000000
1676328833,B,0.37080000,74676.00000000
1676328833,B,0.37070000,115437.00000000
1676328833,B,0.37060000,53148.00000000
1676328833,B,0.37050000,59586.00000000
1676328833,B,0.37040000,154065.00000000
1676328833,B,0.37030000,42830.00000000
1676328833,B,0.37020000,254779.00000000
1676328833,B,0.37010000,64578.00000000
1676328833,B,0.37000000,95437.00000000
1676328833,B,0.36990000,212509.00000000
1676328833,B,0.36980000,175271.00000000
1676328833,B,0.36970000,27959.00000000
1676328833,B,0.36960000,9990.00000000
1676328833,B,0.36950000,39290.00000000
1676328833,B,0.36940000,342959.00000000
1676328833,B,0.36930000,13458.00000000
1676328833,B,0.36920000,15093.00000000
1676328833,B,0.36910000,12182.00000000
1676328833,A,0.37110000,75816.00000000
1676328833,A,0.37120000,108492.00000000
1676328833,A,0.37130000,95201.00000000
1676328833,A,0.37140000,111827.00000000
1676328833,A,0.37150000,90861.00000000
1676328833,A,0.37160000,132085.00000000
1676328833,A,0.37170000,79080.00000000
1676328833,A,0.37180000,152041.00000000
1676328833,A,0.37190000,165621.00000000
1676328833,A,0.37200000,207307.00000000
1676328833,A,0.37210000,48127.00000000
1676328833,A,0.37220000,77312.00000000
1676328833,A,0.37230000,21684.00000000
1676328833,A,0.37240000,10492.00000000
1676328833,A,0.37250000,11611.00000000
1676328833,A,0.37260000,24001.00000000
1676328833,A,0.37270000,15220.00000000
1676328833,A,0.37280000,537328.00000000
1676328833,A,0.37290000,28712.00000000
1676328833,A,0.37300000,15637.00000000
1676328834,B,0.37100000,11512.00000000
1676328834,B,0.37090000,52008.00000000
1676328834,B,0.37080000,74676.00000000
1676328834,B,0.37070000,115437.00000000
1676328834,B,0.37060000,53148.00000000
1676328834,B,0.37050000,59586.00000000
1676328834,B,0.37040000,154065.00000000
1676328834,B,0.37030000,42830.00000000
1676328834,B,0.37020000,254779.00000000
1676328834,B,0.37010000,64578.00000000
1676328834,B,0.37000000,95437.00000000
1676328834,B,0.36990000,212509.00000000
1676328834,B,0.36980000,175271.00000000
1676328834,B,0.36970000,27959.00000000
1676328834,B,0.36960000,9990.00000000
1676328834,B,0.36950000,39290.00000000
1676328834,B,0.36940000,342959.00000000
1676328834,B,0.36930000,13458.00000000
1676328834,B,0.36920000,15093.00000000
1676328834,B,0.36910000,12182.00000000
1676328834,A,0.37110000,75816.00000000
1676328834,A,0.37120000,108492.00000000
1676328834,A,0.37130000,95201.00000000
1676328834,A,0.37140000,111827.00000000
1676328834,A,0.37150000,90861.00000000
1676328834,A,0.37160000,132085.00000000
1676328834,A,0.37170000,79080.00000000
1676328834,A,0.37180000,152041.00000000
1676328834,A,0.37190000,165621.00000000
1676328834,A,0.37200000,207307.00000000
1676328834,A,0.37210000,48127.00000000
1676328834,A,0.37220000,77312.00000000
1676328834,A,0.37230000,21684.00000000
1676328834,A,0.37240000,10492.00000000
1676328834,A,0.37250000,11611.00000000
1676328834,A,0.37260000,24001.00000000
1676328834,A,0.37270000,15220.00000000
1676328834,A,0.37280000,537328.00000000
1676328834,A,0.37290000,28712.00000000
1676328834,A,0.37300000,15637.00000000
1676328835,B,0.37100000,11512.00000000
1676328835,B,0.37090000,52008.00000000
1676328835,B,0.37080000,74676.00000000
1676328835,B,0.37070000,115437.00000000
1676328835,B,0.37060000,53148.00000000
1676328835,B,0.37050000,59586.00000000
1676328835,B,0.37040000,154065.00000000
1676328835,B,0.37030000,42830.00000000
1676328835,B,0.37020000,254779.00000000
1676328835,B,0.37010000,64578.00000000
1676328835,B,0.37000000,95437.00000000
1676328835,B,0.36990000,212509.00000000
1676328835,B,0.36980000,175271.00000000
1676328835,B,0.36970000,27959.00000000
1676328835,B,0.36960000,9990.00000000
1676328835,B,0.36950000,39290.00000000
1676328835,B,0.36940000,342959.00000000
1676328835,B,0.36930000,13458.00000000
1676328835,B,0.36920000,15093.00000000
1676328835,B,0.36910000,12182.00000000
1676328835,A,0.37110000,75816.00000000
1676328835,A,0.37120000,108492.00000000
1676328835,A,0.37130000,95201.00000000
1676328835,A,0.37140000,111827.00000000
1676328835,A,0.37150000,90861.00000000
1676328835,A,0.37160000,132085.00000000
1676328835,A,0.37170000,79080.00000000
1676328835,A,0.37180000,152041.00000000
1676328835,A,0.37190000,165621.00000000
1676328835,A,0.37200000,207307.00000000
1676328835,A,0.37210000,48127.00000000
1676328835,A,0.37220000,77312.00000000
1676328835,A,0.37230000,21684.00000000
1676328835,A,0.37240000,10492.00000000
1676328835,A,0.37250000,11611.00000000
1676328835,A,0.37260000,24001.00000000
1676328835,A,0.37270000,15220.00000000
1676328835,A,0.37280000,537328.00000000
1676328835,A,0.37290000,28712.00000000
1676328835,A,0.37300000,15637.00000000
1676328836,B,0.37110000,3074.00000000
1676328836,B,0.37100000,112577.00000000
1676328836,B,0.37090000,65089.00000000
1676328836,B,0.37080000,65781.00000000
1676328836,B,0.37070000,107131.00000000
1676328836,B,0.37060000,61850.00000000
1676328836,B,0.37050000,37345.00000000
1676328836,B,0.37040000,154065.00000000
1676328836,B,0.37030000,42830.00000000
1676328836,B,0.37020000,254779.00000000
1676328836,B,0.37010000,68508.00000000
1676328836,B,0.37000000,95437.00000000
1676328836,B,0.36990000,251704.00000000
1676328836,B,0.36980000,132147.00000000
1676328836,B,0.36970000,27959.00000000
1676328836,B,0.36960000,9990.00000000
1676328836,B,0.36950000,39290.00000000
1676328836,B,0.36940000,342959.00000000
1676328836,B,0.36930000,13458.00000000
1676328836,B,0.36920000,15093.00000000
1676328836,A,0.37120000,79743.00000000
1676328836,A,0.37130000,89588.00000000
1676328836,A,0.37140000,67788.00000000
1676328836,A,0.37150000,73533.00000000
1676328836,A,0.37160000,132085.00000000
1676328836,A,0.37170000,124481.00000000
1676328836,A,0.37180000,158281.00000000
1676328836,A,0.37190000,175621.00000000
1676328836,A,0.37200000,207307.00000000
1676328836,A,0.37210000,44197.00000000
1676328836,A,0.37220000,77312.00000000
1676328836,A,0.37230000,25614.00000000
1676328836,A,0.37240000,10492.00000000
1676328836,A,0.37250000,11611.00000000
1676328836,A,0.37260000,24001.00000000
1676328836,A,0.37270000,15220.00000000
1676328836,A,0.37280000,537328.00000000
1676328836,A,0.37290000,28712.00000000
1676328836,A,0.37300000,15637.00000000
1676328836,A,0.37310000,35761.00000000
1676328837,B,0.37110000,3074.00000000
1676328837,B,0.37100000,121887.00000000
1676328837,B,0.37090000,71566.00000000
1676328837,B,0.37080000,65781.00000000
1676328837,B,0.37070000,98432.00000000
1676328837,B,0.37060000,61850.00000000
1676328837,B,0.37050000,37345.00000000
1676328837,B,0.37040000,154065.00000000
1676328837,B,0.37030000,42830.00000000
1676328837,B,0.37020000,254779.00000000
1676328837,B,0.37010000,68508.00000000
1676328837,B,0.37000000,95437.00000000
1676328837,B,0.36990000,253301.00000000
1676328837,B,0.36980000,130550.00000000
1676328837,B,0.36970000,27959.00000000
1676328837,B,0.36960000,9990.00000000
1676328837,B,0.36950000,39290.00000000
1676328837,B,0.36940000,342959.00000000
1676328837,B,0.36930000,13458.00000000
1676328837,B,0.36920000,15607.00000000
1676328837,A,0.37120000,79743.00000000
1676328837,A,0.37130000,89588.00000000
1676328837,A,0.37140000,67788.00000000
1676328837,A,0.37150000,73533.00000000
1676328837,A,0.37160000,132085.00000000
1676328837,A,0.37170000,124481.00000000
1676328837,A,0.37180000,158281.00000000
1676328837,A,0.37190000,175621.00000000
1676328837,A,0.37200000,202887.00000000
1676328837,A,0.37210000,48617.00000000
1676328837,A,0.37220000,77312.00000000
1676328837,A,0.37230000,25614.00000000
1676328837,A,0.37240000,10492.00000000
1676328837,A,0.37250000,11611.00000000
1676328837,A,0.37260000,24001.00000000
1676328837,A,0.37270000,15220.00000000
1676328837,A,0.37280000,537328.00000000
1676328837,A,0.37290000,28712.00000000
1676328837,A,0.37300000,15637.00000000
1676328837,A,0.37310000,35761.00000000
1676328838,B,0.37110000,506.00000000
1676328838,B,0.37100000,121887.00000000
1676328838,B,0.37090000,74481.00000000
1676328838,B,0.37080000,65781.00000000
1676328838,B,0.37070000,97631.00000000
1676328838,B,0.37060000,61850.00000000
1676328838,B,0.37050000,35376.00000000
1676328838,B,0.37040000,154065.00000000
1676328838,B,0.37030000,42830.00000000
1676328838,B,0.37020000,254779.00000000
1676328838,B,0.37010000,68508.00000000
1676328838,B,0.37000000,95437.00000000
1676328838,B,0.36990000,253301.00000000
1676328838,B,0.36980000,130550.00000000
1676328838,B,0.36970000,27959.00000000
1676328838,B,0.36960000,9990.00000000
1676328838,B,0.36950000,39290.00000000
1676328838,B,0.36940000,342959.00000000
1676328838,B,0.36930000,13458.00000000
1676328838,B,0.36920000,15607.00000000
1676328838,A,0.37120000,79886.00000000
1676328838,A,0.37130000,89588.00000000
1676328838,A,0.37140000,67788.00000000
1676328838,A,0.37150000,73533.00000000
1676328838,A,0.37160000,132085.00000000
1676328838,A,0.37170000,124481.00000000
1676328838,A,0.37180000,158281.00000000
1676328838,A,0.37190000,175621.00000000
1676328838,A,0.37200000,202887.00000000
1676328838,A,0.37210000,48617.00000000
1676328838,A,0.37220000,77312.00000000
1676328838,A,0.37230000,25614.00000000
1676328838,A,0.37240000,10492.00000000
1676328838,A,0.37250000,11611.00000000
1676328838,A,0.37260000,24001.00000000
1676328838,A,0.37270000,15220.00000000
1676328838,A,0.37280000,537328.00000000
1676328838,A,0.37290000,28712.00000000
1676328838,A,0.37300000,15637.00000000
1676328838,A,0.37310000,35761.00000000
1676328839,B,0.37110000,55693.00000000
1676328839,B,0.37100000,69340.00000000
1676328839,B,0.37090000,74481.00000000
1676328839,B,0.37080000,65781.00000000
1676328839,B,0.37070000,97631.00000000
1676328839,B,0.37060000,61850.00000000
1676328839,B,0.37050000,35376.00000000
1676328839,B,0.37040000,154065.00000000
1676328839,B,0.37030000,42830.00000000
1676328839,B,0.37020000,254779.00000000
1676328839,B,0.37010000,68508.00000000
1676328839,B,0.37000000,95437.00000000
1676328839,B,0.36990000,253301.00000000
1676328839,B,0.36980000,130550.00000000
1676328839,B,0.36970000,27959.00000000
1676328839,B,0.36960000,9990.00000000
1676328839,B,0.36950000,39290.00000000
1676328839,B,0.36940000,342959.00000000
1676328839,B,0.36930000,13458.00000000
1676328839,B,0.36920000,15607.00000000
1676328839,A,0.37120000,79886.00000000
1676328839,A,0.37130000,89588.00000000
1676328839,A,0.37140000,67788.00000000
1676328839,A,0.37150000,90861.00000000
1676328839,A,0.37160000,132085.00000000
1676328839,A,0.37170000,124481.00000000
1676328839,A,0.37180000,158281.00000000
1676328839,A,0.37190000,175621.00000000
1676328839,A,0.37200000,202887.00000000
1676328839,A,0.37210000,48617.00000000
1676328839,A,0.37220000,77312.00000000
1676328839,A,0.37230000,25614.00000000
1676328839,A,0.37240000,10492.00000000
1676328839,A,0.37250000,11611.00000000
1676328839,A,0.37260000,24001.00000000
1676328839,A,0.37270000,15220.00000000
1676328839,A,0.37280000,537328.00000000
1676328839,A,0.37290000,28712.00000000
1676328839,A,0.37300000,15637.00000000
1676328839,A,0.37310000,35761.00000000
1676328840,B,0.37110000,50358.00000000
1676328840,B,0.37100000,69340.00000000
1676328840,B,0.37090000,74481.00000000
1676328840,B,0.37080000,65781.00000000
1676328840,B,0.37070000,97631.00000000
1676328840,B,0.37060000,61850.00000000
1676328840,B,0.37050000,35376.00000000
1676328840,B,0.37040000,154065.00000000
1676328840,B,0.37030000,42830.00000000
1676328840,B,0.37020000,254779.00000000
1676328840,B,0.37010000,68508.00000000
1676328840,B,0.37000000,95437.00000000
1676328840,B,0.36990000,253301.00000000
1676328840,B,0.36980000,130550.00000000
1676328840,B,0.36970000,27959.00000000
1676328840,B,0.36960000,9990.00000000
1676328840,B,0.36950000,39290.00000000
1676328840,B,0.36940000,342959.00000000
1676328840,B,0.36930000,14581.00000000
1676328840,B,0.36920000,14484.00000000
1676328840,A,0.37120000,79886.00000000
1676328840,A,0.37130000,89588.00000000
1676328840,A,0.37140000,67788.00000000
1676328840,A,0.37150000,90861.00000000
1676328840,A,0.37160000,132085.00000000
1676328840,A,0.37170000,124481.00000000
1676328840,A,0.37180000,158281.00000000
1676328840,A,0.37190000,175621.00000000
1676328840,A,0.37200000,202887.00000000
1676328840,A,0.37210000,48617.00000000
1676328840,A,0.37220000,77312.00000000
1676328840,A,0.37230000,25614.00000000
1676328840,A,0.37240000,10492.00000000
1676328840,A,0.37250000,11611.00000000
1676328840,A,0.37260000,24001.00000000
1676328840,A,0.37270000,15220.00000000
1676328840,A,0.37280000,537328.00000000
1676328840,A,0.37290000,28712.00000000
1676328840,A,0.37300000,15637.00000000
1676328840,A,0.37310000,35761.00000000
1676328841,B,0.37110000,52474.00000000
1676328841,B,0.37100000,69340.00000000
1676328841,B,0.37090000,74481.00000000
1676328841,B,0.37080000,65781.00000000
1676328841,B,0.37070000,97631.00000000
1676328841,B,0.37060000,61850.00000000
1676328841,B,0.37050000,35376.00000000
1676328841,B,0.37040000,154065.00000000
1676328841,B,0.37030000,42830.00000000
1676328841,B,0.37020000,254779.00000000
1676328841,B,0.37010000,68508.00000000
1676328841,B,0.37000000,95437.00000000
1676328841,B,0.36990000,253301.00000000
1676328841,B,0.36980000,130550.00000000
1676328841,B,0.36970000,27959.00000000
1676328841,B,0.36960000,9990.00000000
1676328841,B,0.36950000,39290.00000000
1676328841,B,0.36940000,342959.00000000
1676328841,B,0.36930000,14581.00000000
1676328841,B,0.36920000,14484.00000000
1676328841,A,0.37120000,75292.00000000
1676328841,A,0.37130000,89588.00000000
1676328841,A,0.37140000,70480.00000000
1676328841,A,0.37150000,90861.00000000
1676328841,A,0.37160000,132085.00000000
1676328841,A,0.37170000,124481.00000000
1676328841,A,0.37180000,158281.00000000
1676328841,A,0.37190000,175621.00000000
1676328841,A,0.37200000,202887.00000000
1676328841,A,0.37210000,48617.00000000
1676328841,A,0.37220000,77312.00000000
1676328841,A,0.37230000,25614.00000000
1676328841,A,0.37240000,10492.00000000
1676328841,A,0.37250000,11611.00000000
1676328841,A,0.37260000,24001.00000000
1676328841,A,0.37270000,15220.00000000
1676328841,A,0.37280000,537328.00000000
1676328841,A,0.37290000,28712.00000000
1676328841,A,0.37300000,15637.00000000
1676328841,A,0.37310000,35761.00000000
1676328842,B,0.37110000,50736.00000000
1676328842,B,0.37100000,69340.00000000
1676328842,B,0.37090000,74481.00000000
1676328842,B,0.37080000,65781.00000000
1676328842,B,0.37070000,97631.00000000
1676328842,B,0.37060000,61850.00000000
1676328842,B,0.37050000,35376.00000000
1676328842,B,0.37040000,154065.00000000
1676328842,B,0.37030000,42830.00000000
1676328842,B,0.37020000,254779.00000000
1676328842,B,0.37010000,68508.00000000
1676328842,B,0.37000000,95437.00000000
1676328842,B,0.36990000,253301.00000000
1676328842,B,0.36980000,130550.00000000
1676328842,B,0.36970000,27959.00000000
1676328842,B,0.36960000,9990.00000000
1676328842,B,0.36950000,39290.00000000
1676328842,B,0.36940000,342959.00000000
1676328842,B,0.36930000,14581.00000000
1676328842,B,0.36920000,14484.00000000
1676328842,A,0.37120000,66750.00000000
1676328842,A,0.37130000,89588.00000000
1676328842,A,0.37140000,96465.00000000
1676328842,A,0.37150000,89097.00000000
1676328842,A,0.37160000,132085.00000000
1676328842,A,0.37170000,124481.00000000
1676328842,A,0.37180000,158281.00000000
1676328842,A,0.37190000,175621.00000000
1676328842,A,0.37200000,202887.00000000
1676328842,A,0.37210000,48617.00000000
1676328842,A,0.37220000,77312.00000000
1676328842,A,0.37230000,25658.00000000
1676328842,A,0.37240000,10492.00000000
1676328842,A,0.37250000,11611.00000000
1676328842,A,0.37260000,24001.00000000
1676328842,A,0.37270000,15220.00000000
1676328842,A,0.37280000,537328.00000000
1676328842,A,0.37290000,28712.00000000
1676328842,A,0.37300000,15637.00000000
1676328842,A,0.37310000,35761.00000000
1676328843,B,0.37110000,50736.00000000
1676328843,B,0.37100000,69071.00000000
1676328843,B,0.37090000,73808.00000000
1676328843,B,0.37080000,63761.00000000
1676328843,B,0.37070000,97631.00000000
1676328843,B,0.37060000,61850.00000000
1676328843,B,0.37050000,35376.00000000
1676328843,B,0.37040000,154065.00000000
1676328843,B,0.37030000,42830.00000000
1676328843,B,0.37020000,254779.00000000
1676328843,B,0.37010000,68508.00000000
1676328843,B,0.37000000,95437.00000000
1676328843,B,0.36990000,253301.00000000
1676328843,B,0.36980000,130550.00000000
1676328843,B,0.36970000,27959.00000000
1676328843,B,0.36960000,9990.00000000
1676328843,B,0.36950000,39290.00000000
1676328843,B,0.36940000,342959.00000000
1676328843,B,0.36930000,14581.00000000
1676328843,B,0.36920000,14484.00000000
1676328843,A,0.37120000,57590.00000000
1676328843,A,0.37130000,89588.00000000
1676328843,A,0.37140000,96465.00000000
1676328843,A,0.37150000,89097.00000000
1676328843,A,0.37160000,132085.00000000
1676328843,A,0.37170000,124481.00000000
1676328843,A,0.37180000,158281.00000000
1676328843,A,0.37190000,175621.00000000
1676328843,A,0.37200000,202887.00000000
1676328843,A,0.37210000,48617.00000000
1676328843,A,0.37220000,77312.00000000
1676328843,A,0.37230000,25658.00000000
1676328843,A,0.37240000,10492.00000000
1676328843,A,0.37250000,11611.00000000
1676328843,A,0.37260000,24001.00000000
1676328843,A,0.37270000,15220.00000000
1676328843,A,0.37280000,537328.00000000
1676328843,A,0.37290000,28712.00000000
1676328843,A,0.37300000,15637.00000000
1676328843,A,0.37310000,35761.00000000
1676328844,B,0.37110000,49776.00000000
1676328844,B,0.37100000,68471.00000000
1676328844,B,0.37090000,83737.00000000
1676328844,B,0.37080000,51761.00000000
1676328844,B,0.37070000,110284.00000000
1676328844,B,0.37060000,53226.00000000
1676328844,B,0.37050000,35376.00000000
1676328844,B,0.37040000,143040.00000000
1676328844,B,0.37030000,42830.00000000
1676328844,B,0.37020000,254779.00000000
1676328844,B,0.37010000,68508.00000000
1676328844,B,0.37000000,95437.00000000
1676328844,B,0.36990000,253301.00000000
1676328844,B,0.36980000,130550.00000000
1676328844,B,0.36970000,27959.00000000
1676328844,B,0.36960000,9990.00000000
1676328844,B,0.36950000,39290.00000000
1676328844,B,0.36940000,342959.00000000
1676328844,B,0.36930000,14581.00000000
1676328844,B,0.36920000,14484.00000000
1676328844,A,0.37120000,33581.00000000
1676328844,A,0.37130000,103723.00000000
1676328844,A,0.37140000,87808.00000000
1676328844,A,0.37150000,89097.00000000
1676328844,A,0.37160000,132085.00000000
1676328844,A,0.37170000,124481.00000000
1676328844,A,0.37180000,158281.00000000
1676328844,A,0.37190000,175621.00000000
1676328844,A,0.37200000,202887.00000000
1676328844,A,0.37210000,21525.00000000
1676328844,A,0.37220000,77312.00000000
1676328844,A,0.37230000,25658.00000000
1676328844,A,0.37240000,10492.00000000
1676328844,A,0.37250000,11611.00000000
1676328844,A,0.37260000,24001.00000000
1676328844,A,0.37270000,15220.00000000
1676328844,A,0.37280000,564369.00000000
1676328844,A,0.37290000,28712.00000000
1676328844,A,0.37300000,15637.00000000
1676328844,A,0.37310000,35761.00000000
1676328845,B,0.37110000,58486.00000000
1676328845,B,0.37100000,70593.00000000
1676328845,B,0.37090000,83866.00000000
1676328845,B,0.37080000,43093.00000000
1676328845,B,0.37070000,105919.00000000
1676328845,B,0.37060000,52183.00000000
1676328845,B,0.37050000,46466.00000000
1676328845,B,0.37040000,143040.00000000
1676328845,B,0.37030000,42830.00000000
1676328845,B,0.37020000,254779.00000000
1676328845,B,0.37010000,68508.00000000
1676328845,B,0.37000000,95437.00000000
1676328845,B,0.36990000,253301.00000000
1676328845,B,0.36980000,130550.00000000
1676328845,B,0.36970000,27959.00000000
1676328845,B,0.36960000,9990.00000000
1676328845,B,0.36950000,39290.00000000
1676328845,B,0.36940000,342959.00000000
1676328845,B,0.36930000,14581.00000000
1676328845,B,0.36920000,14484.00000000
1676328845,A,0.37120000,21494.00000000
1676328845,A,0.37130000,103593.00000000
1676328845,A,0.37140000,78210.00000000
1676328845,A,0.37150000,98297.00000000
1676328845,A,0.37160000,132732.00000000
1676328845,A,0.37170000,124481.00000000
1676328845,A,0.37180000,158281.00000000
1676328845,A,0.37190000,186695.00000000
1676328845,A,0.37200000,202887.00000000
1676328845,A,0.37210000,21525.00000000
1676328845,A,0.37220000,77312.00000000
1676328845,A,0.37230000,25658.00000000
1676328845,A,0.37240000,10492.00000000
1676328845,A,0.37250000,11611.00000000
1676328845,A,0.37260000,24001.00000000
1676328845,A,0.37270000,15220.00000000
1676328845,A,0.37280000,564369.00000000
1676328845,A,0.37290000,28712.00000000
1676328845,A,0.37300000,15637.00000000
1676328845,A,0.37310000,35761.00000000
1676328846,B,0.37110000,73451.00000000
1676328846,B,0.37100000,70593.00000000
1676328846,B,0.37090000,83866.00000000
1676328846,B,0.37080000,43093.00000000
1676328846,B,0.37070000,105919.00000000
1676328846,B,0.37060000,52183.00000000
1676328846,B,0.37050000,46466.00000000
1676328846,B,0.37040000,143040.00000000
1676328846,B,0.37030000,42830.00000000
1676328846,B,0.37020000,254779.00000000
1676328846,B,0.37010000,68508.00000000
1676328846,B,0.37000000,95437.00000000
1676328846,B,0.36990000,253301.00000000
1676328846,B,0.36980000,130550.00000000
1676328846,B,0.36970000,27959.00000000
1676328846,B,0.36960000,9990.00000000
1676328846,B,0.36950000,39290.00000000
1676328846,B,0.36940000,342959.00000000
1676328846,B,0.36930000,14581.00000000
1676328846,B,0.36920000,14484.00000000
1676328846,A,0.37120000,16919.00000000
1676328846,A,0.37130000,103670.00000000
1676328846,A,0.37140000,78241.00000000
1676328846,A,0.37150000,98297.00000000
1676328846,A,0.37160000,132732.00000000
1676328846,A,0.37170000,126263.00000000
1676328846,A,0.37180000,158281.00000000
1676328846,A,0.37190000,186695.00000000
1676328846,A,0.37200000,202887.00000000
1676328846,A,0.37210000,21525.00000000
1676328846,A,0.37220000,77312.00000000
1676328846,A,0.37230000,25658.00000000
1676328846,A,0.37240000,10492.00000000
1676328846,A,0.37250000,11611.00000000
1676328846,A,0.37260000,24001.00000000
1676328846,A,0.37270000,15220.00000000
1676328846,A,0.37280000,564369.00000000
1676328846,A,0.37290000,28712.00000000
1676328846,A,0.37300000,15637.00000000
1676328846,A,0.37310000,35761.00000000
1676328847,B,0.37110000,73451.00000000
1676328847,B,0.37100000,70593.00000000
1676328847,B,0.37090000,83866.00000000
1676328847,B,0.37080000,43093.00000000
1676328847,B,0.37070000,105919.00000000
1676328847,B,0.37060000,52183.00000000
1676328847,B,0.37050000,46466.00000000
1676328847,B,0.37040000,143040.00000000
1676328847,B,0.37030000,42830.00000000
1676328847,B,0.37020000,254779.00000000
1676328847,B,0.37010000,68508.00000000
1676328847,B,0.37000000,95437.00000000
1676328847,B,0.36990000,253301.00000000
1676328847,B,0.36980000,130550.00000000
1676328847,B,0.36970000,27959.00000000
1676328847,B,0.36960000,9990.00000000
1676328847,B,0.36950000,39290.00000000
1676328847,B,0.36940000,342959.00000000
1676328847,B,0.36930000,14581.00000000
1676328847,B,0.36920000,14484.00000000
1676328847,A,0.37120000,18783.00000000
1676328847,A,0.37130000,103670.00000000
1676328847,A,0.37140000,78241.00000000
1676328847,A,0.37150000,98297.00000000
1676328847,A,0.37160000,132608.00000000
1676328847,A,0.37170000,126263.00000000
1676328847,A,0.37180000,158281.00000000
1676328847,A,0.37190000,186695.00000000
1676328847,A,0.37200000,202887.00000000
1676328847,A,0.37210000,21525.00000000
1676328847,A,0.37220000,77312.00000000
1676328847,A,0.37230000,25658.00000000
1676328847,A,0.37240000,10492.00000000
1676328847,A,0.37250000,11611.00000000
1676328847,A,0.37260000,24001.00000000
1676328847,A,0.37270000,15220.00000000
1676328847,A,0.37280000,564369.00000000
1676328847,A,0.37290000,28712.00000000
1676328847,A,0.37300000,15637.00000000
1676328847,A,0.37310000,35761.00000000
1676328848,B,0.37110000,82653.00000000
1676328848,B,0.37100000,70593.00000000
1676328848,B,0.37090000,83866.00000000
1676328848,B,0.37080000,43093.00000000
1676328848,B,0.37070000,105919.00000000
1676328848,B,0.37060000,52183.00000000
1676328848,B,0.37050000,46466.00000000
1676328848,B,0.37040000,143040.00000000
1676328848,B,0.37030000,42830.00000000
1676328848,B,0.37020000,254779.00000000
1676328848,B,0.37010000,68508.00000000
1676328848,B,0.37000000,95437.00000000
1676328848,B,0.36990000,253301.00000000
1676328848,B,0.36980000,130550.00000000
1676328848,B,0.36970000,27959.00000000
1676328848,B,0.36960000,9990.00000000
1676328848,B,0.36950000,39290.00000000
1676328848,B,0.36940000,342959.00000000
1676328848,B,0.36930000,14581.00000000
1676328848,B,0.36920000,14484.00000000
1676328848,A,0.37120000,28034.00000000
1676328848,A,0.37130000,103670.00000000
1676328848,A,0.37140000,78241.00000000
1676328848,A,0.37150000,98297.00000000
1676328848,A,0.37160000,132608.00000000
1676328848,A,0.37170000,117903.00000000
1676328848,A,0.37180000,158281.00000000
1676328848,A,0.37190000,195055.00000000
1676328848,A,0.37200000,202887.00000000
1676328848,A,0.37210000,21525.00000000
1676328848,A,0.37220000,77312.00000000
1676328848,A,0.37230000,25658.00000000
1676328848,A,0.37240000,10492.00000000
1676328848,A,0.37250000,11611.00000000
1676328848,A,0.37260000,24001.00000000
1676328848,A,0.37270000,15220.00000000
1676328848,A,0.37280000,564369.00000000
1676328848,A,0.37290000,28712.00000000
1676328848,A,0.37300000,15637.00000000
1676328848,A,0.37310000,35761.00000000
1676328849,B,0.37110000,82653.00000000
1676328849,B,0.37100000,70593.00000000
1676328849,B,0.37090000,83866.00000000
1676328849,B,0.37080000,43093.00000000
1676328849,B,0.37070000,105919.00000000
1676328849,B,0.37060000,52183.00000000
1676328849,B,0.37050000,46466.00000000
1676328849,B,0.37040000,143040.00000000
1676328849,B,0.37030000,42830.00000000
1676328849,B,0.37020000,254779.00000000
1676328849,B,0.37010000,68508.00000000
1676328849,B,0.37000000,95437.00000000
1676328849,B,0.36990000,253301.00000000
1676328849,B,0.36980000,130550.00000000
1676328849,B,0.36970000,27959.00000000
1676328849,B,0.36960000,9990.00000000
1676328849,B,0.36950000,39290.00000000
1676328849,B,0.36940000,342959.00000000
1676328849,B,0.36930000,14581.00000000
1676328849,B,0.36920000,14484.00000000
1676328849,A,0.37120000,23440.00000000
1676328849,A,0.37130000,120998.00000000
1676328849,A,0.37140000,87075.00000000
1676328849,A,0.37150000,104896.00000000
1676328849,A,0.37160000,132608.00000000
1676328849,A,0.37170000,117903.00000000
1676328849,A,0.37180000,140953.00000000
1676328849,A,0.37190000,195055.00000000
1676328849,A,0.37200000,202887.00000000
1676328849,A,0.37210000,21525.00000000
1676328849,A,0.37220000,77312.00000000
1676328849,A,0.37230000,25658.00000000
1676328849,A,0.37240000,10492.00000000
1676328849,A,0.37250000,11611.00000000
1676328849,A,0.37260000,24001.00000000
1676328849,A,0.37270000,15220.00000000
1676328849,A,0.37280000,564369.00000000
1676328849,A,0.37290000,28712.00000000
1676328849,A,0.37300000,15637.00000000
1676328849,A,0.37310000,35761.00000000
1676328850,B,0.37110000,81734.00000000
1676328850,B,0.37100000,70593.00000000
1676328850,B,0.37090000,83866.00000000
1676328850,B,0.37080000,45792.00000000
1676328850,B,0.37070000,105919.00000000
1676328850,B,0.37060000,52183.00000000
1676328850,B,0.37050000,46466.00000000
1676328850,B,0.37040000,143040.00000000
1676328850,B,0.37030000,42830.00000000
1676328850,B,0.37020000,254779.00000000
1676328850,B,0.37010000,68508.00000000
1676328850,B,0.37000000,95437.00000000
1676328850,B,0.36990000,253301.00000000
1676328850,B,0.36980000,130550.00000000
1676328850,B,0.36970000,27959.00000000
1676328850,B,0.36960000,9990.00000000
1676328850,B,0.36950000,39290.00000000
1676328850,B,0.36940000,342959.00000000
1676328850,B,0.36930000,14581.00000000
1676328850,B,0.36920000,14484.00000000
1676328850,A,0.37120000,27150.00000000
1676328850,A,0.37130000,120998.00000000
1676328850,A,0.37140000,88394.00000000
1676328850,A,0.37150000,104896.00000000
1676328850,A,0.37160000,132608.00000000
1676328850,A,0.37170000,117903.00000000
1676328850,A,0.37180000,140953.00000000
1676328850,A,0.37190000,195055.00000000
1676328850,A,0.37200000,202887.00000000
1676328850,A,0.37210000,21525.00000000
1676328850,A,0.37220000,77312.00000000
1676328850,A,0.37230000,25658.00000000
1676328850,A,0.37240000,10492.00000000
1676328850,A,0.37250000,11611.00000000
1676328850,A,0.37260000,24001.00000000
1676328850,A,0.37270000,15220.00000000
1676328850,A,0.37280000,564369.00000000
1676328850,A,0.37290000,28712.00000000
1676328850,A,0.37300000,15637.00000000
1676328850,A,0.37310000,35761.00000000
1676328851,B,0.37110000,81734.00000000
1676328851,B,0.37100000,70593.00000000
1676328851,B,0.37090000,114019.00000000
1676328851,B,0.37080000,48491.00000000
1676328851,B,0.37070000,105919.00000000
1676328851,B,0.37060000,52183.00000000
1676328851,B,0.37050000,46466.00000000
1676328851,B,0.37040000,143040.00000000
1676328851,B,0.37030000,42830.00000000
1676328851,B,0.37020000,254779.00000000
1676328851,B,0.37010000,68508.00000000
1676328851,B,0.37000000,95437.00000000
1676328851,B,0.36990000,253301.00000000
1676328851,B,0.36980000,130550.00000000
1676328851,B,0.36970000,27959.00000000
1676328851,B,0.36960000,9990.00000000
1676328851,B,0.36950000,39290.00000000
1676328851,B,0.36940000,342959.00000000
1676328851,B,0.36930000,14581.00000000
1676328851,B,0.36920000,14484.00000000
1676328851,A,0.37120000,27216.00000000
1676328851,A,0.37130000,120998.00000000
1676328851,A,0.37140000,88394.00000000
1676328851,A,0.37150000,104896.00000000
1676328851,A,0.37160000,132608.00000000
1676328851,A,0.37170000,117903.00000000
1676328851,A,0.37180000,140953.00000000
1676328851,A,0.37190000,195055.00000000
1676328851,A,0.37200000,202887.00000000
1676328851,A,0.37210000,21525.00000000
1676328851,A,0.37220000,77312.00000000
1676328851,A,0.37230000,25658.00000000
1676328851,A,0.37240000,10492.00000000
1676328851,A,0.37250000,11611.00000000
1676328851,A,0.37260000,24001.00000000
1676328851,A,0.37270000,15220.00000000
1676328851,A,0.37280000,564369.00000000
1676328851,A,0.37290000,28712.00000000
1676328851,A,0.37300000,15637.00000000
1676328851,A,0.37310000,35761.00000000
1676328852,B,0.37110000,80869.00000000
1676328852,B,0.37100000,70593.00000000
1676328852,B,0.37090000,116857.00000000
1676328852,B,0.37080000,48491.00000000
1676328852,B,0.37070000,105919.00000000
1676328852,B,0.37060000,52183.00000000
1676328852,B,0.37050000,46466.00000000
1676328852,B,0.37040000,143040.00000000
1676328852,B,0.37030000,42830.00000000
1676328852,B,0.37020000,254779.00000000
1676328852,B,0.37010000,68508.00000000
1676328852,B,0.37000000,95437.00000000
1676328852,B,0.36990000,253301.00000000
1676328852,B,0.36980000,130550.00000000
1676328852,B,0.36970000,27959.00000000
1676328852,B,0.36960000,9990.00000000
1676328852,B,0.36950000,39290.00000000
1676328852,B,0.36940000,342959.00000000
1676328852,B,0.36930000,14581.00000000
1676328852,B,0.36920000,14484.00000000
1676328852,A,0.37120000,18028.00000000
1676328852,A,0.37130000,118615.00000000
1676328852,A,0.37140000,88394.00000000
1676328852,A,0.37150000,104896.00000000
1676328852,A,0.37160000,132608.00000000
1676328852,A,0.37170000,117903.00000000
1676328852,A,0.37180000,140953.00000000
1676328852,A,0.37190000,195055.00000000
1676328852,A,0.37200000,202887.00000000
1676328852,A,0.37210000,21525.00000000
1676328852,A,0.37220000,77312.00000000
1676328852,A,0.37230000,25658.00000000
1676328852,A,0.37240000,10492.00000000
1676328852,A,0.37250000,11611.00000000
1676328852,A,0.37260000,24001.00000000
1676328852,A,0.37270000,15220.00000000
1676328852,A,0.37280000,564369.00000000
1676328852,A,0.37290000,28712.00000000
1676328852,A,0.37300000,15637.00000000
1676328852,A,0.37310000,35761.00000000
1676328853,B,0.37110000,80869.00000000
1676328853,B,0.37100000,70593.00000000
1676328853,B,0.37090000,116857.00000000
1676328853,B,0.37080000,48491.00000000
1676328853,B,0.37070000,105919.00000000
1676328853,B,0.37060000,52183.00000000
1676328853,B,0.37050000,46466.00000000
1676328853,B,0.37040000,143040.00000000
1676328853,B,0.37030000,42830.00000000
1676328853,B,0.37020000,254779.00000000
1676328853,B,0.37010000,68508.00000000
1676328853,B,0.37000000,95437.00000000
1676328853,B,0.36990000,253301.00000000
1676328853,B,0.36980000,130550.00000000
1676328853,B,0.36970000,27959.00000000
1676328853,B,0.36960000,9990.00000000
1676328853,B,0.36950000,39290.00000000
1676328853,B,0.36940000,342959.00000000
1676328853,B,0.36930000,14581.00000000
1676328853,B,0.36920000,14484.00000000
1676328853,A,0.37120000,18028.00000000
1676328853,A,0.37130000,118615.00000000
1676328853,A,0.37140000,90777.00000000
1676328853,A,0.37150000,104896.00000000
1676328853,A,0.37160000,132608.00000000
1676328853,A,0.37170000,117903.00000000
1676328853,A,0.37180000,140953.00000000
1676328853,A,0.37190000,195055.00000000
1676328853,A,0.37200000,202887.00000000
1676328853,A,0.37210000,21525.00000000
1676328853,A,0.37220000,77312.00000000
1676328853,A,0.37230000,25658.00000000
1676328853,A,0.37240000,10492.00000000
1676328853,A,0.37250000,11611.00000000
1676328853,A,0.37260000,24001.00000000
1676328853,A,0.37270000,15220.00000000
1676328853,A,0.37280000,564369.00000000
1676328853,A,0.37290000,28712.00000000
1676328853,A,0.37300000,15637.00000000
1676328853,A,0.37310000,35761.00000000
1676328854,B,0.37110000,80869.00000000
1676328854,B,0.37100000,70593.00000000
1676328854,B,0.37090000,116857.00000000
1676328854,B,0.37080000,48491.00000000
1676328854,B,0.37070000,105919.00000000
1676328854,B,0.37060000,52183.00000000
1676328854,B,0.37050000,46466.00000000
1676328854,B,0.37040000,143040.00000000
1676328854,B,0.37030000,42830.00000000
1676328854,B,0.37020000,254779.00000000
1676328854,B,0.37010000,68778.00000000
1676328854,B,0.37000000,138542.00000000
1676328854,B,0.36990000,210176.00000000
1676328854,B,0.36980000,130550.00000000
1676328854,B,0.36970000,27959.00000000
1676328854,B,0.36960000,9990.00000000
1676328854,B,0.36950000,39290.00000000
1676328854,B,0.36940000,342959.00000000
1676328854,B,0.36930000,14581.00000000
1676328854,B,0.36920000,14484.00000000
1676328854,A,0.37120000,18036.00000000
1676328854,A,0.37130000,118615.00000000
1676328854,A,0.37140000,90777.00000000
1676328854,A,0.37150000,104896.00000000
1676328854,A,0.37160000,132608.00000000
1676328854,A,0.37170000,117903.00000000
1676328854,A,0.37180000,140953.00000000
1676328854,A,0.37190000,195055.00000000
1676328854,A,0.37200000,202887.00000000
1676328854,A,0.37210000,21525.00000000
1676328854,A,0.37220000,77312.00000000
1676328854,A,0.37230000,25658.00000000
1676328854,A,0.37240000,10492.00000000
1676328854,A,0.37250000,11611.00000000
1676328854,A,0.37260000,24001.00000000
1676328854,A,0.37270000,15220.00000000
1676328854,A,0.37280000,564369.00000000
1676328854,A,0.37290000,28712.00000000
1676328854,A,0.37300000,15637.00000000
1676328854,A,0.37310000,35761.00000000
1676328855,B,0.37110000,80869.00000000
1676328855,B,0.37100000,70593.00000000
1676328855,B,0.37090000,116857.00000000
1676328855,B,0.37080000,48491.00000000
1676328855,B,0.37070000,105919.00000000
1676328855,B,0.37060000,52183.00000000
1676328855,B,0.37050000,46466.00000000
1676328855,B,0.37040000,143040.00000000
1676328855,B,0.37030000,42830.00000000
1676328855,B,0.37020000,254779.00000000
1676328855,B,0.37010000,68778.00000000
1676328855,B,0.37000000,138542.00000000
1676328855,B,0.36990000,210176.00000000
1676328855,B,0.36980000,130550.00000000
1676328855,B,0.36970000,27959.00000000
1676328855,B,0.36960000,9990.00000000
1676328855,B,0.36950000,39290.00000000
1676328855,B,0.36940000,342959.00000000
1676328855,B,0.36930000,14581.00000000
1676328855,B,0.36920000,14484.00000000
1676328855,A,0.37120000,13522.00000000
1676328855,A,0.37130000,118615.00000000
1676328855,A,0.37140000,90777.00000000
1676328855,A,0.37150000,104896.00000000
1676328855,A,0.37160000,132608.00000000
1676328855,A,0.37170000,117903.00000000
1676328855,A,0.37180000,140953.00000000
1676328855,A,0.37190000,195055.00000000
1676328855,A,0.37200000,202887.00000000
1676328855,A,0.37210000,21525.00000000
1676328855,A,0.37220000,77312.00000000
1676328855,A,0.37230000,25658.00000000
1676328855,A,0.37240000,10492.00000000
1676328855,A,0.37250000,11611.00000000
1676328855,A,0.37260000,24001.00000000
1676328855,A,0.37270000,15220.00000000
1676328855,A,0.37280000,564369.00000000
1676328855,A,0.37290000,28712.00000000
1676328855,A,0.37300000,15637.00000000
1676328855,A,0.37310000,35761.00000000
1676328856,B,0.37110000,83433.00000000
1676328856,B,0.37100000,76993.00000000
1676328856,B,0.37090000,110457.00000000
1676328856,B,0.37080000,48491.00000000
1676328856,B,0.37070000,105919.00000000
1676328856,B,0.37060000,54384.00000000
1676328856,B,0.37050000,46466.00000000
1676328856,B,0.37040000,143040.00000000
1676328856,B,0.37030000,42830.00000000
1676328856,B,0.37020000,254779.00000000
1676328856,B,0.37010000,68778.00000000
1676328856,B,0.37000000,138542.00000000
1676328856,B,0.36990000,210176.00000000
1676328856,B,0.36980000,130550.00000000
1676328856,B,0.36970000,27959.00000000
1676328856,B,0.36960000,9990.00000000
1676328856,B,0.36950000,39290.00000000
1676328856,B,0.36940000,342959.00000000
1676328856,B,0.36930000,14581.00000000
1676328856,B,0.36920000,14484.00000000
1676328856,A,0.37120000,12976.00000000
1676328856,A,0.37130000,118615.00000000
1676328856,A,0.37140000,90777.00000000
1676328856,A,0.37150000,104896.00000000
1676328856,A,0.37160000,132608.00000000
1676328856,A,0.37170000,117903.00000000
1676328856,A,0.37180000,140953.00000000
1676328856,A,0.37190000,195055.00000000
1676328856,A,0.37200000,202887.00000000
1676328856,A,0.37210000,21525.00000000
1676328856,A,0.37220000,77312.00000000
1676328856,A,0.37230000,25658.00000000
1676328856,A,0.37240000,10492.00000000
1676328856,A,0.37250000,11611.00000000
1676328856,A,0.37260000,24001.00000000
1676328856,A,0.37270000,15220.00000000
1676328856,A,0.37280000,564369.00000000
1676328856,A,0.37290000,28712.00000000
1676328856,A,0.37300000,15637.00000000
1676328856,A,0.37310000,35761.00000000
1676328857,B,0.37110000,100856.00000000
1676328857,B,0.37100000,76993.00000000
1676328857,B,0.37090000,110457.00000000
1676328857,B,0.37080000,48491.00000000
1676328857,B,0.37070000,105919.00000000
1676328857,B,0.37060000,32099.00000000
1676328857,B,0.37050000,34934.00000000
1676328857,B,0.37040000,143040.00000000
1676328857,B,0.37030000,42830.00000000
1676328857,B,0.37020000,254779.00000000
1676328857,B,0.37010000,68778.00000000
1676328857,B,0.37000000,138542.00000000
1676328857,B,0.36990000,210176.00000000
1676328857,B,0.36980000,130550.00000000
1676328857,B,0.36970000,27959.00000000
1676328857,B,0.36960000,9990.00000000
1676328857,B,0.36950000,39290.00000000
1676328857,B,0.36940000,342959.00000000
1676328857,B,0.36930000,14581.00000000
1676328857,B,0.36920000,14484.00000000
1676328857,A,0.37120000,8382.00000000
1676328857,A,0.37130000,118615.00000000
1676328857,A,0.37140000,90777.00000000
1676328857,A,0.37150000,104896.00000000
1676328857,A,0.37160000,132608.00000000
1676328857,A,0.37170000,117903.00000000
1676328857,A,0.37180000,140953.00000000
1676328857,A,0.37190000,195055.00000000
1676328857,A,0.37200000,202887.00000000
1676328857,A,0.37210000,21525.00000000
1676328857,A,0.37220000,77312.00000000
1676328857,A,0.37230000,25658.00000000
1676328857,A,0.37240000,10492.00000000
1676328857,A,0.37250000,11611.00000000
1676328857,A,0.37260000,24001.00000000
1676328857,A,0.37270000,15220.00000000
1676328857,A,0.37280000,564369.00000000
1676328857,A,0.37290000,28712.00000000
1676328857,A,0.37300000,15637.00000000
1676328857,A,0.37310000,35761.00000000
1676328858,B,0.37110000,100856.00000000
1676328858,B,0.37100000,76993.00000000
1676328858,B,0.37090000,110457.00000000
1676328858,B,0.37080000,48491.00000000
1676328858,B,0.37070000,105919.00000000
1676328858,B,0.37060000,32099.00000000
1676328858,B,0.37050000,34934.00000000
1676328858,B,0.37040000,143040.00000000
1676328858,B,0.37030000,42830.00000000
1676328858,B,0.37020000,254779.00000000
1676328858,B,0.37010000,68778.00000000
1676328858,B,0.37000000,138542.00000000
1676328858,B,0.36990000,210176.00000000
1676328858,B,0.36980000,130550.00000000
1676328858,B,0.36970000,27959.00000000
1676328858,B,0.36960000,9990.00000000
1676328858,B,0.36950000,39290.00000000
1676328858,B,0.36940000,342959.00000000
1676328858,B,0.36930000,14581.00000000
1676328858,B,0.36920000,14484.00000000
1676328858,A,0.37120000,3788.00000000
1676328858,A,0.37130000,118615.00000000
1676328858,A,0.37140000,90777.00000000
1676328858,A,0.37150000,104896.00000000
1676328858,A,0.37160000,132608.00000000
1676328858,A,0.37170000,117903.00000000
1676328858,A,0.37180000,140953.00000000
1676328858,A,0.37190000,195055.00000000
1676328858,A,0.37200000,202887.00000000
1676328858,A,0.37210000,21525.00000000
1676328858,A,0.37220000,77312.00000000
1676328858,A,0.37230000,25658.00000000
1676328858,A,0.37240000,10492.00000000
1676328858,A,0.37250000,11611.00000000
1676328858,A,0.37260000,24001.00000000
1676328858,A,0.37270000,15220.00000000
1676328858,A,0.37280000,564369.00000000
1676328858,A,0.37290000,28712.00000000
1676328858,A,0.37300000,15637.00000000
1676328858,A,0.37310000,35761.00000000
1676328859,B,0.37120000,78467.00000000
1676328859,B,0.37110000,68006.00000000
1676328859,B,0.37100000,85626.00000000
1676328859,B,0.37090000,98120.00000000
1676328859,B,0.37080000,56412.00000000
1676328859,B,0.37070000,105919.00000000
1676328859,B,0.37060000,78462.00000000
1676328859,B,0.37050000,44934.00000000
1676328859,B,0.37040000,143040.00000000
1676328859,B,0.37030000,30340.00000000
1676328859,B,0.37020000,254779.00000000
1676328859,B,0.37010000,68822.00000000
1676328859,B,0.37000000,138498.00000000
1676328859,B,0.36990000,210176.00000000
1676328859,B,0.36980000,130506.00000000
1676328859,B,0.36970000,27959.00000000
1676328859,B,0.36960000,9990.00000000
1676328859,B,0.36950000,39290.00000000
1676328859,B,0.36940000,342959.00000000
1676328859,B,0.36930000,14581.00000000
1676328859,A,0.37130000,101493.00000000
1676328859,A,0.37140000,94129.00000000
1676328859,A,0.37150000,89645.00000000
1676328859,A,0.37160000,141228.00000000
1676328859,A,0.37170000,70799.00000000
1676328859,A,0.37180000,65450.00000000
1676328859,A,0.37190000,73961.00000000
1676328859,A,0.37200000,202887.00000000
1676328859,A,0.37210000,21525.00000000
1676328859,A,0.37220000,77312.00000000
1676328859,A,0.37230000,25658.00000000
1676328859,A,0.37240000,10492.00000000
1676328859,A,0.37250000,11611.00000000
1676328859,A,0.37260000,24001.00000000
1676328859,A,0.37270000,15220.00000000
1676328859,A,0.37280000,564369.00000000
1676328859,A,0.37290000,28712.00000000
1676328859,A,0.37300000,15637.00000000
1676328859,A,0.37310000,35761.00000000
1676328859,A,0.37320000,113640.00000000
1676328860,B,0.37120000,100129.00000000
1676328860,B,0.37110000,90724.00000000
1676328860,B,0.37100000,81269.00000000
1676328860,B,0.37090000,94252.00000000
1676328860,B,0.37080000,66193.00000000
1676328860,B,0.37070000,91949.00000000
1676328860,B,0.37060000,60085.00000000
1676328860,B,0.37050000,44934.00000000
1676328860,B,0.37040000,143040.00000000
1676328860,B,0.37030000,30340.00000000
1676328860,B,0.37020000,254779.00000000
1676328860,B,0.37010000,68822.00000000
1676328860,B,0.37000000,140095.00000000
1676328860,B,0.36990000,208579.00000000
1676328860,B,0.36980000,130506.00000000
1676328860,B,0.36970000,27959.00000000
1676328860,B,0.36960000,9990.00000000
1676328860,B,0.36950000,39290.00000000
1676328860,B,0.36940000,342959.00000000
1676328860,B,0.36930000,14581.00000000
1676328860,A,0.37130000,21588.00000000
1676328860,A,0.37140000,101523.00000000
1676328860,A,0.37150000,95464.00000000
1676328860,A,0.37160000,149229.00000000
1676328860,A,0.37170000,71836.00000000
1676328860,A,0.37180000,77284.00000000
1676328860,A,0.37190000,79978.00000000
1676328860,A,0.37200000,202887.00000000
1676328860,A,0.37210000,15800.00000000
1676328860,A,0.37220000,81732.00000000
1676328860,A,0.37230000,26953.00000000
1676328860,A,0.37240000,10492.00000000
1676328860,A,0.37250000,11611.00000000
1676328860,A,0.37260000,24001.00000000
1676328860,A,0.37270000,15220.00000000
1676328860,A,0.37280000,564369.00000000
1676328860,A,0.37290000,28712.00000000
1676328860,A,0.37300000,15637.00000000
1676328860,A,0.37310000,35761.00000000
1676328860,A,0.37320000,113640.00000000
1676328861,B,0.37120000,100129.00000000
1676328861,B,0.37110000,90724.00000000
1676328861,B,0.37100000,84874.00000000
1676328861,B,0.37090000,94252.00000000
1676328861,B,0.37080000,66193.00000000
1676328861,B,0.37070000,91949.00000000
1676328861,B,0.37060000,60085.00000000
1676328861,B,0.37050000,44934.00000000
1676328861,B,0.37040000,143040.00000000
1676328861,B,0.37030000,30340.00000000
1676328861,B,0.37020000,254779.00000000
1676328861,B,0.37010000,63822.00000000
1676328861,B,0.37000000,140095.00000000
1676328861,B,0.36990000,208579.00000000
1676328861,B,0.36980000,130506.00000000
1676328861,B,0.36970000,27959.00000000
1676328861,B,0.36960000,9990.00000000
1676328861,B,0.36950000,39290.00000000
1676328861,B,0.36940000,342959.00000000
1676328861,B,0.36930000,14581.00000000
1676328861,A,0.37130000,14947.00000000
1676328861,A,0.37140000,110491.00000000
1676328861,A,0.37150000,95464.00000000
1676328861,A,0.37160000,149229.00000000
1676328861,A,0.37170000,71836.00000000
1676328861,A,0.37180000,77284.00000000
1676328861,A,0.37190000,79978.00000000
1676328861,A,0.37200000,202887.00000000
1676328861,A,0.37210000,15800.00000000
1676328861,A,0.37220000,81732.00000000
1676328861,A,0.37230000,26953.00000000
1676328861,A,0.37240000,10492.00000000
1676328861,A,0.37250000,11611.00000000
1676328861,A,0.37260000,24001.00000000
1676328861,A,0.37270000,15220.00000000
1676328861,A,0.37280000,564369.00000000
1676328861,A,0.37290000,28712.00000000
1676328861,A,0.37300000,15637.00000000
1676328861,A,0.37310000,35761.00000000
1676328861,A,0.37320000,113640.00000000
1676328862,B,0.37120000,100129.00000000
1676328862,B,0.37110000,90724.00000000
1676328862,B,0.37100000,84874.00000000
1676328862,B,0.37090000,94252.00000000
1676328862,B,0.37080000,66193.00000000
1676328862,B,0.37070000,91949.00000000
1676328862,B,0.37060000,60085.00000000
1676328862,B,0.37050000,44934.00000000
1676328862,B,0.37040000,148040.00000000
1676328862,B,0.37030000,30340.00000000
1676328862,B,0.37020000,254779.00000000
1676328862,B,0.37010000,63822.00000000
1676328862,B,0.37000000,140095.00000000
1676328862,B,0.36990000,208579.00000000
1676328862,B,0.36980000,130506.00000000
1676328862,B,0.36970000,27959.00000000
1676328862,B,0.36960000,9990.00000000
1676328862,B,0.36950000,147894.00000000
1676328862,B,0.36940000,342959.00000000
1676328862,B,0.36930000,14581.00000000
1676328862,A,0.37130000,10157.00000000
1676328862,A,0.37140000,121251.00000000
1676328862,A,0.37150000,137956.00000000
1676328862,A,0.37160000,176219.00000000
1676328862,A,0.37170000,64865.00000000
1676328862,A,0.37180000,65450.00000000
1676328862,A,0.37190000,79978.00000000
1676328862,A,0.37200000,202887.00000000
1676328862,A,0.37210000,15800.00000000
1676328862,A,0.37220000,81732.00000000
1676328862,A,0.37230000,26953.00000000
1676328862,A,0.37240000,10492.00000000
1676328862,A,0.37250000,11611.00000000
1676328862,A,0.37260000,24001.00000000
1676328862,A,0.37270000,15220.00000000
1676328862,A,0.37280000,564369.00000000
1676328862,A,0.37290000,28712.00000000
1676328862,A,0.37300000,15637.00000000
1676328862,A,0.37310000,35761.00000000
1676328862,A,0.37320000,113640.00000000
1676328863,B,0.37120000,107811.00000000
1676328863,B,0.37110000,90724.00000000
1676328863,B,0.37100000,84874.00000000
1676328863,B,0.37090000,125155.00000000
1676328863,B,0.37080000,33575.00000000
1676328863,B,0.37070000,83328.00000000
1676328863,B,0.37060000,60085.00000000
1676328863,B,0.37050000,44934.00000000
1676328863,B,0.37040000,148040.00000000
1676328863,B,0.37030000,30340.00000000
1676328863,B,0.37020000,254779.00000000
1676328863,B,0.37010000,63822.00000000
1676328863,B,0.37000000,140095.00000000
1676328863,B,0.36990000,208579.00000000
1676328863,B,0.36980000,130506.00000000
1676328863,B,0.36970000,27959.00000000
1676328863,B,0.36960000,9990.00000000
1676328863,B,0.36950000,147894.00000000
1676328863,B,0.36940000,342959.00000000
1676328863,B,0.36930000,14581.00000000
1676328863,A,0.37130000,10157.00000000
1676328863,A,0.37140000,121251.00000000
1676328863,A,0.37150000,130922.00000000
1676328863,A,0.37160000,183251.00000000
1676328863,A,0.37170000,64865.00000000
1676328863,A,0.37180000,65450.00000000
1676328863,A,0.37190000,79978.00000000
1676328863,A,0.37200000,202887.00000000
1676328863,A,0.37210000,15800.00000000
1676328863,A,0.37220000,81732.00000000
1676328863,A,0.37230000,26953.00000000
1676328863,A,0.37240000,10492.00000000
1676328863,A,0.37250000,11611.00000000
1676328863,A,0.37260000,24001.00000000
1676328863,A,0.37270000,15220.00000000
1676328863,A,0.37280000,564369.00000000
1676328863,A,0.37290000,28712.00000000
1676328863,A,0.37300000,15637.00000000
1676328863,A,0.37310000,35761.00000000
1676328863,A,0.37320000,113640.00000000
1676328864,B,0.37120000,107811.00000000
1676328864,B,0.37110000,90724.00000000
1676328864,B,0.37100000,84874.00000000
1676328864,B,0.37090000,125155.00000000
1676328864,B,0.37080000,33575.00000000
1676328864,B,0.37070000,83328.00000000
1676328864,B,0.37060000,60085.00000000
1676328864,B,0.37050000,44934.00000000
1676328864,B,0.37040000,148040.00000000
1676328864,B,0.37030000,30340.00000000
1676328864,B,0.37020000,254779.00000000
1676328864,B,0.37010000,63552.00000000
1676328864,B,0.37000000,140095.00000000
1676328864,B,0.36990000,208579.00000000
1676328864,B,0.36980000,130506.00000000
1676328864,B,0.36970000,27959.00000000
1676328864,B,0.36960000,9990.00000000
1676328864,B,0.36950000,147894.00000000
1676328864,B,0.36940000,342959.00000000
1676328864,B,0.36930000,14581.00000000
1676328864,A,0.37130000,10157.00000000
1676328864,A,0.37140000,121251.00000000
1676328864,A,0.37150000,130922.00000000
1676328864,A,0.37160000,183251.00000000
1676328864,A,0.37170000,64865.00000000
1676328864,A,0.37180000,65450.00000000
1676328864,A,0.37190000,79978.00000000
1676328864,A,0.37200000,202887.00000000
1676328864,A,0.37210000,15800.00000000
1676328864,A,0.37220000,81732.00000000
1676328864,A,0.37230000,26953.00000000
1676328864,A,0.37240000,10492.00000000
1676328864,A,0.37250000,11611.00000000
1676328864,A,0.37260000,24001.00000000
1676328864,A,0.37270000,15220.00000000
1676328864,A,0.37280000,564369.00000000
1676328864,A,0.37290000,28712.00000000
1676328864,A,0.37300000,15637.00000000
1676328864,A,0.37310000,35761.00000000
1676328864,A,0.37320000,113640.00000000
1676328865,B,0.37120000,107811.00000000
1676328865,B,0.37110000,90724.00000000
1676328865,B,0.37100000,84874.00000000
1676328865,B,0.37090000,125155.00000000
1676328865,B,0.37080000,33575.00000000
1676328865,B,0.37070000,83328.00000000
1676328865,B,0.37060000,60085.00000000
1676328865,B,0.37050000,44934.00000000
1676328865,B,0.37040000,148040.00000000
1676328865,B,0.37030000,30340.00000000
1676328865,B,0.37020000,254779.00000000
1676328865,B,0.37010000,63552.00000000
1676328865,B,0.37000000,140095.00000000
1676328865,B,0.36990000,208579.00000000
1676328865,B,0.36980000,130506.00000000
1676328865,B,0.36970000,27959.00000000
1676328865,B,0.36960000,9990.00000000
1676328865,B,0.36950000,147894.00000000
1676328865,B,0.36940000,342959.00000000
1676328865,B,0.36930000,14581.00000000
1676328865,A,0.37130000,10157.00000000
1676328865,A,0.37140000,121251.00000000
1676328865,A,0.37150000,130922.00000000
1676328865,A,0.37160000,183251.00000000
1676328865,A,0.37170000,64865.00000000
1676328865,A,0.37180000,65450.00000000
1676328865,A,0.37190000,79978.00000000
1676328865,A,0.37200000,202887.00000000
1676328865,A,0.37210000,15800.00000000
1676328865,A,0.37220000,81732.00000000
1676328865,A,0.37230000,26953.00000000
1676328865,A,0.37240000,10492.00000000
1676328865,A,0.37250000,11611.00000000
1676328865,A,0.37260000,24001.00000000
1676328865,A,0.37270000,15220.00000000
1676328865,A,0.37280000,564369.00000000
1676328865,A,0.37290000,28712.00000000
1676328865,A,0.37300000,15637.00000000
1676328865,A,0.37310000,35761.00000000
1676328865,A,0.37320000,113640.00000000
1676328867,B,0.37120000,107811.00000000
1676328867,B,0.37110000,90724.00000000
1676328867,B,0.37100000,84874.00000000
1676328867,B,0.37090000,125155.00000000
1676328867,B,0.37080000,33575.00000000
1676328867,B,0.37070000,83328.00000000
1676328867,B,0.37060000,60085.00000000
1676328867,B,0.37050000,44934.00000000
1676328867,B,0.37040000,148040.00000000
1676328867,B,0.37030000,30340.00000000
1676328867,B,0.37020000,254779.00000000
1676328867,B,0.37010000,63552.00000000
1676328867,B,0.37000000,140095.00000000
1676328867,B,0.36990000,208579.00000000
1676328867,B,0.36980000,130506.00000000
1676328867,B,0.36970000,27959.00000000
1676328867,B,0.36960000,9990.00000000
1676328867,B,0.36950000,147894.00000000
1676328867,B,0.36940000,342959.00000000
1676328867,B,0.36930000,14581.00000000
1676328867,A,0.37130000,5563.00000000
1676328867,A,0.37140000,121251.00000000
1676328867,A,0.37150000,130922.00000000
1676328867,A,0.37160000,183251.00000000
1676328867,A,0.37170000,64865.00000000
1676328867,A,0.37180000,65450.00000000
1676328867,A,0.37190000,79978.00000000
1676328867,A,0.37200000,202887.00000000
1676328867,A,0.37210000,15800.00000000
1676328867,A,0.37220000,81732.00000000
1676328867,A,0.37230000,26953.00000000
1676328867,A,0.37240000,10492.00000000
1676328867,A,0.37250000,11611.00000000
1676328867,A,0.37260000,24001.00000000
1676328867,A,0.37270000,15220.00000000
1676328867,A,0.37280000,564369.00000000
1676328867,A,0.37290000,28712.00000000
1676328867,A,0.37300000,15637.00000000
1676328867,A,0.37310000,35761.00000000
1676328867,A,0.37320000,113640.00000000
1676328868,B,0.37120000,101811.00000000
1676328868,B,0.37110000,90724.00000000
1676328868,B,0.37100000,84874.00000000
1676328868,B,0.37090000,99955.00000000
1676328868,B,0.37080000,56116.00000000
1676328868,B,0.37070000,83328.00000000
1676328868,B,0.37060000,60011.00000000
1676328868,B,0.37050000,44860.00000000
1676328868,B,0.37040000,147780.00000000
1676328868,B,0.37030000,30340.00000000
1676328868,B,0.37020000,254779.00000000
1676328868,B,0.37010000,63552.00000000
1676328868,B,0.37000000,140095.00000000
1676328868,B,0.36990000,208579.00000000
1676328868,B,0.36980000,130506.00000000
1676328868,B,0.36970000,27959.00000000
1676328868,B,0.36960000,9990.00000000
1676328868,B,0.36950000,147894.00000000
1676328868,B,0.36940000,342959.00000000
1676328868,B,0.36930000,14581.00000000
1676328868,A,0.37130000,3938.00000000
1676328868,A,0.37140000,121103.00000000
1676328868,A,0.37150000,130922.00000000
1676328868,A,0.37160000,186016.00000000
1676328868,A,0.37170000,64680.00000000
1676328868,A,0.37180000,65450.00000000
1676328868,A,0.37190000,79978.00000000
1676328868,A,0.37200000,202887.00000000
1676328868,A,0.37210000,15800.00000000
1676328868,A,0.37220000,38609.00000000
1676328868,A,0.37230000,26953.00000000
1676328868,A,0.37240000,53584.00000000
1676328868,A,0.37250000,11611.00000000
1676328868,A,0.37260000,24001.00000000
1676328868,A,0.37270000,15220.00000000
1676328868,A,0.37280000,564369.00000000
1676328868,A,0.37290000,28712.00000000
1676328868,A,0.37300000,15637.00000000
1676328868,A,0.37310000,35761.00000000
1676328868,A,0.37320000,113640.00000000
1676328869,B,0.37120000,101811.00000000
1676328869,B,0.37110000,90724.00000000
1676328869,B,0.37100000,84874.00000000
1676328869,B,0.37090000,100235.00000000
1676328869,B,0.37080000,56116.00000000
1676328869,B,0.37070000,83328.00000000
1676328869,B,0.37060000,60011.00000000
1676328869,B,0.37050000,45120.00000000
1676328869,B,0.37040000,147780.00000000
1676328869,B,0.37030000,30340.00000000
1676328869,B,0.37020000,254779.00000000
1676328869,B,0.37010000,63552.00000000
1676328869,B,0.37000000,140095.00000000
1676328869,B,0.36990000,208579.00000000
1676328869,B,0.36980000,130506.00000000
1676328869,B,0.36970000,27959.00000000
1676328869,B,0.36960000,9990.00000000
1676328869,B,0.36950000,147894.00000000
1676328869,B,0.36940000,342959.00000000
1676328869,B,0.36930000,14581.00000000
1676328869,A,0.37130000,3938.00000000
1676328869,A,0.37140000,121383.00000000
1676328869,A,0.37150000,130922.00000000
1676328869,A,0.37160000,186016.00000000
1676328869,A,0.37170000,64680.00000000
1676328869,A,0.37180000,65709.00000000
1676328869,A,0.37190000,79978.00000000
1676328869,A,0.37200000,202887.00000000
1676328869,A,0.37210000,15800.00000000
1676328869,A,0.37220000,38609.00000000
1676328869,A,0.37230000,26953.00000000
1676328869,A,0.37240000,53584.00000000
1676328869,A,0.37250000,11611.00000000
1676328869,A,0.37260000,24001.00000000
1676328869,A,0.37270000,15220.00000000
1676328869,A,0.37280000,564369.00000000
1676328869,A,0.37290000,28712.00000000
1676328869,A,0.37300000,15637.00000000
1676328869,A,0.37310000,35761.00000000
1676328869,A,0.37320000,113640.00000000
1676328870,B,0.37130000,69174.00000000
1676328870,B,0.37120000,37105.00000000
1676328870,B,0.37110000,96497.00000000
1676328870,B,0.37100000,125536.00000000
1676328870,B,0.37090000,95969.00000000
1676328870,B,0.37080000,25831.00000000
1676328870,B,0.37070000,89366.00000000
1676328870,B,0.37060000,59971.00000000
1676328870,B,0.37050000,47431.00000000
1676328870,B,0.37040000,147780.00000000
1676328870,B,0.37030000,71057.00000000
1676328870,B,0.37020000,254779.00000000
1676328870,B,0.37010000,59622.00000000
1676328870,B,0.37000000,140095.00000000
1676328870,B,0.36990000,173053.00000000
1676328870,B,0.36980000,130506.00000000
1676328870,B,0.36970000,27959.00000000
1676328870,B,0.36960000,9990.00000000
1676328870,B,0.36950000,147894.00000000
1676328870,B,0.36940000,342959.00000000
1676328870,A,0.37140000,110933.00000000
1676328870,A,0.37150000,132452.00000000
1676328870,A,0.37160000,121106.00000000
1676328870,A,0.37170000,77094.00000000
1676328870,A,0.37180000,67834.00000000
1676328870,A,0.37190000,61559.00000000
1676328870,A,0.37200000,202887.00000000
1676328870,A,0.37210000,25800.00000000
1676328870,A,0.37220000,38649.00000000
1676328870,A,0.37230000,22979.00000000
1676328870,A,0.37240000,53584.00000000
1676328870,A,0.37250000,15541.00000000
1676328870,A,0.37260000,24001.00000000
1676328870,A,0.37270000,15220.00000000
1676328870,A,0.37280000,564369.00000000
1676328870,A,0.37290000,28712.00000000
1676328870,A,0.37300000,15637.00000000
1676328870,A,0.37310000,35761.00000000
1676328870,A,0.37320000,113640.00000000
1676328870,A,0.37330000,21567.00000000
1676328871,B,0.37130000,80791.00000000
1676328871,B,0.37120000,37105.00000000
1676328871,B,0.37110000,96497.00000000
1676328871,B,0.37100000,125536.00000000
1676328871,B,0.37090000,95969.00000000
1676328871,B,0.37080000,25831.00000000
1676328871,B,0.37070000,89366.00000000
1676328871,B,0.37060000,59971.00000000
1676328871,B,0.37050000,47431.00000000
1676328871,B,0.37040000,147780.00000000
1676328871,B,0.37030000,71057.00000000
1676328871,B,0.37020000,254779.00000000
1676328871,B,0.37010000,61219.00000000
1676328871,B,0.37000000,138498.00000000
1676328871,B,0.36990000,173053.00000000
1676328871,B,0.36980000,130506.00000000
1676328871,B,0.36970000,27959.00000000
1676328871,B,0.36960000,9990.00000000
1676328871,B,0.36950000,147894.00000000
1676328871,B,0.36940000,342959.00000000
1676328871,A,0.37140000,114943.00000000
1676328871,A,0.37150000,132468.00000000
1676328871,A,0.37160000,121106.00000000
1676328871,A,0.37170000,75312.00000000
1676328871,A,0.37180000,67834.00000000
1676328871,A,0.37190000,61559.00000000
1676328871,A,0.37200000,202887.00000000
1676328871,A,0.37210000,36891.00000000
1676328871,A,0.37220000,34229.00000000
1676328871,A,0.37230000,27399.00000000
1676328871,A,0.37240000,53584.00000000
1676328871,A,0.37250000,15541.00000000
1676328871,A,0.37260000,24001.00000000
1676328871,A,0.37270000,15220.00000000
1676328871,A,0.37280000,564369.00000000
1676328871,A,0.37290000,28712.00000000
1676328871,A,0.37300000,15637.00000000
1676328871,A,0.37310000,35761.00000000
1676328871,A,0.37320000,113640.00000000
1676328871,A,0.37330000,21567.00000000
1676328872,B,0.37130000,79036.00000000
1676328872,B,0.37120000,37105.00000000
1676328872,B,0.37110000,96497.00000000
1676328872,B,0.37100000,125536.00000000
1676328872,B,0.37090000,95969.00000000
1676328872,B,0.37080000,25831.00000000
1676328872,B,0.37070000,89366.00000000
1676328872,B,0.37060000,59971.00000000
1676328872,B,0.37050000,47431.00000000
1676328872,B,0.37040000,147780.00000000
1676328872,B,0.37030000,71057.00000000
1676328872,B,0.37020000,254779.00000000
1676328872,B,0.37010000,61219.00000000
1676328872,B,0.37000000,138498.00000000
1676328872,B,0.36990000,173053.00000000
1676328872,B,0.36980000,130506.00000000
1676328872,B,0.36970000,27959.00000000
1676328872,B,0.36960000,9990.00000000
1676328872,B,0.36950000,147894.00000000
1676328872,B,0.36940000,344081.00000000
1676328872,A,0.37140000,114943.00000000
1676328872,A,0.37150000,132468.00000000
1676328872,A,0.37160000,121106.00000000
1676328872,A,0.37170000,75312.00000000
1676328872,A,0.37180000,67834.00000000
1676328872,A,0.37190000,61559.00000000
1676328872,A,0.37200000,202887.00000000
1676328872,A,0.37210000,36891.00000000
1676328872,A,0.37220000,34229.00000000
1676328872,A,0.37230000,27399.00000000
1676328872,A,0.37240000,53584.00000000
1676328872,A,0.37250000,15585.00000000
1676328872,A,0.37260000,24001.00000000
1676328872,A,0.37270000,15220.00000000
1676328872,A,0.37280000,564369.00000000
1676328872,A,0.37290000,28712.00000000
1676328872,A,0.37300000,15637.00000000
1676328872,A,0.37310000,35761.00000000
1676328872,A,0.37320000,113640.00000000
1676328872,A,0.37330000,21567.00000000
1676328873,B,0.37130000,79036.00000000
1676328873,B,0.37120000,37105.00000000
1676328873,B,0.37110000,96497.00000000
1676328873,B,0.37100000,125536.00000000
1676328873,B,0.37090000,95969.00000000
1676328873,B,0.37080000,25831.00000000
1676328873,B,0.37070000,89366.00000000
1676328873,B,0.37060000,59971.00000000
1676328873,B,0.37050000,47431.00000000
1676328873,B,0.37040000,150046.00000000
1676328873,B,0.37030000,71057.00000000
1676328873,B,0.37020000,252511.00000000
1676328873,B,0.37010000,61219.00000000
1676328873,B,0.37000000,138498.00000000
1676328873,B,0.36990000,173053.00000000
1676328873,B,0.36980000,130506.00000000
1676328873,B,0.36970000,27959.00000000
1676328873,B,0.36960000,9990.00000000
1676328873,B,0.36950000,147894.00000000
1676328873,B,0.36940000,344081.00000000
1676328873,A,0.37140000,108125.00000000
1676328873,A,0.37150000,139286.00000000
1676328873,A,0.37160000,121106.00000000
1676328873,A,0.37170000,75312.00000000
1676328873,A,0.37180000,67834.00000000
1676328873,A,0.37190000,61559.00000000
1676328873,A,0.37200000,202887.00000000
1676328873,A,0.37210000,36891.00000000
1676328873,A,0.37220000,34229.00000000
1676328873,A,0.37230000,27399.00000000
1676328873,A,0.37240000,53584.00000000
1676328873,A,0.37250000,15585.00000000
1676328873,A,0.37260000,24001.00000000
1676328873,A,0.37270000,15220.00000000
1676328873,A,0.37280000,564369.00000000
1676328873,A,0.37290000,28712.00000000
1676328873,A,0.37300000,15637.00000000
1676328873,A,0.37310000,35761.00000000
1676328873,A,0.37320000,113640.00000000
1676328873,A,0.37330000,21567.00000000
1676328874,B,0.37130000,79036.00000000
1676328874,B,0.37120000,37105.00000000
1676328874,B,0.37110000,96497.00000000
1676328874,B,0.37100000,125536.00000000
1676328874,B,0.37090000,95969.00000000
1676328874,B,0.37080000,25831.00000000
1676328874,B,0.37070000,89366.00000000
1676328874,B,0.37060000,59971.00000000
1676328874,B,0.37050000,47431.00000000
1676328874,B,0.37040000,150046.00000000
1676328874,B,0.37030000,71057.00000000
1676328874,B,0.37020000,252511.00000000
1676328874,B,0.37010000,61219.00000000
1676328874,B,0.37000000,138498.00000000
1676328874,B,0.36990000,173053.00000000
1676328874,B,0.36980000,130506.00000000
1676328874,B,0.36970000,27959.00000000
1676328874,B,0.36960000,9990.00000000
1676328874,B,0.36950000,147894.00000000
1676328874,B,0.36940000,344081.00000000
1676328874,A,0.37140000,108125.00000000
1676328874,A,0.37150000,139286.00000000
1676328874,A,0.37160000,121106.00000000
1676328874,A,0.37170000,75312.00000000
1676328874,A,0.37180000,69593.00000000
1676328874,A,0.37190000,61559.00000000
1676328874,A,0.37200000,202887.00000000
1676328874,A,0.37210000,36891.00000000
1676328874,A,0.37220000,34229.00000000
1676328874,A,0.37230000,27399.00000000
1676328874,A,0.37240000,53584.00000000
1676328874,A,0.37250000,15585.00000000
1676328874,A,0.37260000,24001.00000000
1676328874,A,0.37270000,15220.00000000
1676328874,A,0.37280000,564369.00000000
1676328874,A,0.37290000,28712.00000000
1676328874,A,0.37300000,15637.00000000
1676328874,A,0.37310000,35761.00000000
1676328874,A,0.37320000,113640.00000000
1676328874,A,0.37330000,21567.00000000
1676328875,B,0.37130000,76882.00000000
1676328875,B,0.37120000,37105.00000000
1676328875,B,0.37110000,96497.00000000
1676328875,B,0.37100000,125536.00000000
1676328875,B,0.37090000,95969.00000000
1676328875,B,0.37080000,25831.00000000
1676328875,B,0.37070000,89366.00000000
1676328875,B,0.37060000,59971.00000000
1676328875,B,0.37050000,47431.00000000
1676328875,B,0.37040000,150046.00000000
1676328875,B,0.37030000,71057.00000000
1676328875,B,0.37020000,252511.00000000
1676328875,B,0.37010000,61219.00000000
1676328875,B,0.37000000,138498.00000000
1676328875,B,0.36990000,173053.00000000
1676328875,B,0.36980000,130506.00000000
1676328875,B,0.36970000,27959.00000000
1676328875,B,0.36960000,9990.00000000
1676328875,B,0.36950000,147894.00000000
1676328875,B,0.36940000,344081.00000000
1676328875,A,0.37140000,108125.00000000
1676328875,A,0.37150000,139286.00000000
1676328875,A,0.37160000,135619.00000000
1676328875,A,0.37170000,75312.00000000
1676328875,A,0.37180000,69593.00000000
1676328875,A,0.37190000,61559.00000000
1676328875,A,0.37200000,202887.00000000
1676328875,A,0.37210000,36891.00000000
1676328875,A,0.37220000,34229.00000000
1676328875,A,0.37230000,27399.00000000
1676328875,A,0.37240000,53584.00000000
1676328875,A,0.37250000,15585.00000000
1676328875,A,0.37260000,24001.00000000
1676328875,A,0.37270000,15220.00000000
1676328875,A,0.37280000,564369.00000000
1676328875,A,0.37290000,28712.00000000
1676328875,A,0.37300000,15637.00000000
1676328875,A,0.37310000,35761.00000000
1676328875,A,0.37320000,113640.00000000
1676328875,A,0.37330000,21567.00000000
1676328876,B,0.37130000,75888.00000000
1676328876,B,0.37120000,37105.00000000
1676328876,B,0.37110000,104797.00000000
1676328876,B,0.37100000,125526.00000000
1676328876,B,0.37090000,87667.00000000
1676328876,B,0.37080000,25831.00000000
1676328876,B,0.37070000,89366.00000000
1676328876,B,0.37060000,59971.00000000
1676328876,B,0.37050000,47431.00000000
1676328876,B,0.37040000,150046.00000000
1676328876,B,0.37030000,71057.00000000
1676328876,B,0.37020000,252511.00000000
1676328876,B,0.37010000,61219.00000000
1676328876,B,0.37000000,138498.00000000
1676328876,B,0.36990000,173053.00000000
1676328876,B,0.36980000,130506.00000000
1676328876,B,0.36970000,27959.00000000
1676328876,B,0.36960000,9990.00000000
1676328876,B,0.36950000,147894.00000000
1676328876,B,0.36940000,344081.00000000
1676328876,A,0.37140000,108125.00000000
1676328876,A,0.37150000,139286.00000000
1676328876,A,0.37160000,135619.00000000
1676328876,A,0.37170000,75312.00000000
1676328876,A,0.37180000,69593.00000000
1676328876,A,0.37190000,61559.00000000
1676328876,A,0.37200000,202887.00000000
1676328876,A,0.37210000,36891.00000000
1676328876,A,0.37220000,34229.00000000
1676328876,A,0.37230000,27399.00000000
1676328876,A,0.37240000,53584.00000000
1676328876,A,0.37250000,15585.00000000
1676328876,A,0.37260000,24001.00000000
1676328876,A,0.37270000,15220.00000000
1676328876,A,0.37280000,564369.00000000
1676328876,A,0.37290000,28712.00000000
1676328876,A,0.37300000,15637.00000000
1676328876,A,0.37310000,35761.00000000
1676328876,A,0.37320000,113640.00000000
1676328876,A,0.37330000,21567.00000000
1676328877,B,0.37130000,75888.00000000
1676328877,B,0.37120000,37105.00000000
1676328877,B,0.37110000,107711.00000000
1676328877,B,0.37100000,125526.00000000
1676328877,B,0.37090000,87667.00000000
1676328877,B,0.37080000,25831.00000000
1676328877,B,0.37070000,89366.00000000
1676328877,B,0.37060000,59971.00000000
1676328877,B,0.37050000,36341.00000000
1676328877,B,0.37040000,150046.00000000
1676328877,B,0.37030000,71057.00000000
1676328877,B,0.37020000,252511.00000000
1676328877,B,0.37010000,61219.00000000
1676328877,B,0.37000000,138498.00000000
1676328877,B,0.36990000,173053.00000000
1676328877,B,0.36980000,130506.00000000
1676328877,B,0.36970000,27959.00000000
1676328877,B,0.36960000,9990.00000000
1676328877,B,0.36950000,147894.00000000
1676328877,B,0.36940000,344081.00000000
1676328877,A,0.37140000,108125.00000000
1676328877,A,0.37150000,139286.00000000
1676328877,A,0.37160000,135619.00000000
1676328877,A,0.37170000,75312.00000000
1676328877,A,0.37180000,69593.00000000
1676328877,A,0.37190000,61559.00000000
1676328877,A,0.37200000,202887.00000000
1676328877,A,0.37210000,36891.00000000
1676328877,A,0.37220000,34229.00000000
1676328877,A,0.37230000,27399.00000000
1676328877,A,0.37240000,53584.00000000
1676328877,A,0.37250000,15585.00000000
1676328877,A,0.37260000,24001.00000000
1676328877,A,0.37270000,15220.00000000
1676328877,A,0.37280000,564369.00000000
1676328877,A,0.37290000,28712.00000000
1676328877,A,0.37300000,15637.00000000
1676328877,A,0.37310000,35761.00000000
1676328877,A,0.37320000,113640.00000000
1676328877,A,0.37330000,21567.00000000
1676328878,B,0.37130000,75888.00000000
1676328878,B,0.37120000,37105.00000000
1676328878,B,0.37110000,107711.00000000
1676328878,B,0.37100000,125526.00000000
1676328878,B,0.37090000,87667.00000000
1676328878,B,0.37080000,25831.00000000
1676328878,B,0.37070000,89366.00000000
1676328878,B,0.37060000,59971.00000000
1676328878,B,0.37050000,36341.00000000
1676328878,B,0.37040000,150046.00000000
1676328878,B,0.37030000,71057.00000000
1676328878,B,0.37020000,252511.00000000
1676328878,B,0.37010000,61219.00000000
1676328878,B,0.37000000,138498.00000000
1676328878,B,0.36990000,173053.00000000
1676328878,B,0.36980000,130506.00000000
1676328878,B,0.36970000,27959.00000000
1676328878,B,0.36960000,9990.00000000
1676328878,B,0.36950000,147894.00000000
1676328878,B,0.36940000,344081.00000000
1676328878,A,0.37140000,108125.00000000
1676328878,A,0.37150000,139286.00000000
1676328878,A,0.37160000,135619.00000000
1676328878,A,0.37170000,75312.00000000
1676328878,A,0.37180000,69593.00000000
1676328878,A,0.37190000,61559.00000000
1676328878,A,0.37200000,202887.00000000
1676328878,A,0.37210000,36891.00000000
1676328878,A,0.37220000,34229.00000000
1676328878,A,0.37230000,27399.00000000
1676328878,A,0.37240000,53584.00000000
1676328878,A,0.37250000,15585.00000000
1676328878,A,0.37260000,24001.00000000
1676328878,A,0.37270000,15220.00000000
1676328878,A,0.37280000,564369.00000000
1676328878,A,0.37290000,28712.00000000
1676328878,A,0.37300000,15637.00000000
1676328878,A,0.37310000,35761.00000000
1676328878,A,0.37320000,113640.00000000
1676328878,A,0.37330000,21567.00000000
1676328879,B,0.37130000,75888.00000000
1676328879,B,0.37120000,37105.00000000
1676328879,B,0.37110000,107711.00000000
1676328879,B,0.37100000,125526.00000000
1676328879,B,0.37090000,87667.00000000
1676328879,B,0.37080000,25831.00000000
1676328879,B,0.37070000,89366.00000000
1676328879,B,0.37060000,59971.00000000
1676328879,B,0.37050000,36341.00000000
1676328879,B,0.37040000,150046.00000000
1676328879,B,0.37030000,71057.00000000
1676328879,B,0.37020000,252511.00000000
1676328879,B,0.37010000,61219.00000000
1676328879,B,0.37000000,138498.00000000
1676328879,B,0.36990000,173053.00000000
1676328879,B,0.36980000,130506.00000000
1676328879,B,0.36970000,27959.00000000
1676328879,B,0.36960000,9990.00000000
1676328879,B,0.36950000,147894.00000000
1676328879,B,0.36940000,344081.00000000
1676328879,A,0.37140000,88416.00000000
1676328879,A,0.37150000,139166.00000000
1676328879,A,0.37160000,135739.00000000
1676328879,A,0.37170000,75312.00000000
1676328879,A,0.37180000,69593.00000000
1676328879,A,0.37190000,61559.00000000
1676328879,A,0.37200000,202887.00000000
1676328879,A,0.37210000,36891.00000000
1676328879,A,0.37220000,34229.00000000
1676328879,A,0.37230000,27399.00000000
1676328879,A,0.37240000,53584.00000000
1676328879,A,0.37250000,15585.00000000
1676328879,A,0.37260000,24001.00000000
1676328879,A,0.37270000,15220.00000000
1676328879,A,0.37280000,564369.00000000
1676328879,A,0.37290000,28712.00000000
1676328879,A,0.37300000,15637.00000000
1676328879,A,0.37310000,35761.00000000
1676328879,A,0.37320000,113640.00000000
1676328879,A,0.37330000,21567.00000000
1676328880,B,0.37130000,75888.00000000
1676328880,B,0.37120000,37105.00000000
1676328880,B,0.37110000,107711.00000000
1676328880,B,0.37100000,125646.00000000
1676328880,B,0.37090000,87667.00000000
1676328880,B,0.37080000,25711.00000000
1676328880,B,0.37070000,89366.00000000
1676328880,B,0.37060000,59971.00000000
1676328880,B,0.37050000,36341.00000000
1676328880,B,0.37040000,150046.00000000
1676328880,B,0.37030000,71057.00000000
1676328880,B,0.37020000,252511.00000000
1676328880,B,0.37010000,61219.00000000
1676328880,B,0.37000000,138498.00000000
1676328880,B,0.36990000,173053.00000000
1676328880,B,0.36980000,130506.00000000
1676328880,B,0.36970000,27959.00000000
1676328880,B,0.36960000,9990.00000000
1676328880,B,0.36950000,147894.00000000
1676328880,B,0.36940000,344081.00000000
1676328880,A,0.37140000,89276.00000000
1676328880,A,0.37150000,139166.00000000
1676328880,A,0.37160000,135739.00000000
1676328880,A,0.37170000,75312.00000000
1676328880,A,0.37180000,69593.00000000
1676328880,A,0.37190000,61559.00000000
1676328880,A,0.37200000,202887.00000000
1676328880,A,0.37210000,36891.00000000
1676328880,A,0.37220000,34229.00000000
1676328880,A,0.37230000,27399.00000000
1676328880,A,0.37240000,53584.00000000
1676328880,A,0.37250000,15585.00000000
1676328880,A,0.37260000,24001.00000000
1676328880,A,0.37270000,15220.00000000
1676328880,A,0.37280000,564369.00000000
1676328880,A,0.37290000,28712.00000000
1676328880,A,0.37300000,15637.00000000
1676328880,A,0.37310000,35761.00000000
1676328880,A,0.37320000,113640.00000000
1676328880,A,0.37330000,21567.00000000
1676328881,B,0.37130000,59319.00000000
1676328881,B,0.37120000,37105.00000000
1676328881,B,0.37110000,107711.00000000
1676328881,B,0.37100000,125646.00000000
1676328881,B,0.37090000,87667.00000000
1676328881,B,0.37080000,25711.00000000
1676328881,B,0.37070000,89366.00000000
1676328881,B,0.37060000,78013.00000000
1676328881,B,0.37050000,40549.00000000
1676328881,B,0.37040000,150049.00000000
1676328881,B,0.37030000,59803.00000000
1676328881,B,0.37020000,252511.00000000
1676328881,B,0.37010000,61219.00000000
1676328881,B,0.37000000,138498.00000000
1676328881,B,0.36990000,173053.00000000
1676328881,B,0.36980000,130506.00000000
1676328881,B,0.36970000,27959.00000000
1676328881,B,0.36960000,9990.00000000
1676328881,B,0.36950000,147894.00000000
1676328881,B,0.36940000,344081.00000000
1676328881,A,0.37140000,106327.00000000
1676328881,A,0.37150000,139166.00000000
1676328881,A,0.37160000,135739.00000000
1676328881,A,0.37170000,75312.00000000
1676328881,A,0.37180000,69593.00000000
1676328881,A,0.37190000,61559.00000000
1676328881,A,0.37200000,202887.00000000
1676328881,A,0.37210000,36891.00000000
1676328881,A,0.37220000,34229.00000000
1676328881,A,0.37230000,27399.00000000
1676328881,A,0.37240000,53584.00000000
1676328881,A,0.37250000,15585.00000000
1676328881,A,0.37260000,24001.00000000
1676328881,A,0.37270000,15220.00000000
1676328881,A,0.37280000,564369.00000000
1676328881,A,0.37290000,28712.00000000
1676328881,A,0.37300000,15637.00000000
1676328881,A,0.37310000,35761.00000000
1676328881,A,0.37320000,113640.00000000
1676328881,A,0.37330000,21567.00000000
1676328882,B,0.37130000,59319.00000000
1676328882,B,0.37120000,37105.00000000
1676328882,B,0.37110000,107711.00000000
1676328882,B,0.37100000,125646.00000000
1676328882,B,0.37090000,87667.00000000
1676328882,B,0.37080000,25711.00000000
1676328882,B,0.37070000,89366.00000000
1676328882,B,0.37060000,78013.00000000
1676328882,B,0.37050000,40549.00000000
1676328882,B,0.37040000,150049.00000000
1676328882,B,0.37030000,59803.00000000
1676328882,B,0.37020000,252511.00000000
1676328882,B,0.37010000,104306.00000000
1676328882,B,0.37000000,95393.00000000
1676328882,B,0.36990000,173053.00000000
1676328882,B,0.36980000,130506.00000000
1676328882,B,0.36970000,27959.00000000
1676328882,B,0.36960000,9990.00000000
1676328882,B,0.36950000,147894.00000000
1676328882,B,0.36940000,344081.00000000
1676328882,A,0.37140000,106291.00000000
1676328882,A,0.37150000,139166.00000000
1676328882,A,0.37160000,136552.00000000
1676328882,A,0.37170000,75312.00000000
1676328882,A,0.37180000,69593.00000000
1676328882,A,0.37190000,61559.00000000
1676328882,A,0.37200000,202887.00000000
1676328882,A,0.37210000,36891.00000000
1676328882,A,0.37220000,34229.00000000
1676328882,A,0.37230000,27399.00000000
1676328882,A,0.37240000,53584.00000000
1676328882,A,0.37250000,15585.00000000
1676328882,A,0.37260000,24001.00000000
1676328882,A,0.37270000,15220.00000000
1676328882,A,0.37280000,564369.00000000
1676328882,A,0.37290000,28712.00000000
1676328882,A,0.37300000,15637.00000000
1676328882,A,0.37310000,35761.00000000
1676328882,A,0.37320000,113640.00000000
1676328882,A,0.37330000,21567.00000000
1676328883,B,0.37130000,48969.00000000
1676328883,B,0.37120000,36835.00000000
1676328883,B,0.37110000,105595.00000000
1676328883,B,0.37100000,125646.00000000
1676328883,B,0.37090000,87667.00000000
1676328883,B,0.37080000,25711.00000000
1676328883,B,0.37070000,89366.00000000
1676328883,B,0.37060000,78013.00000000
1676328883,B,0.37050000,40549.00000000
1676328883,B,0.37040000,150049.00000000
1676328883,B,0.37030000,59803.00000000
1676328883,B,0.37020000,252511.00000000
1676328883,B,0.37010000,104306.00000000
1676328883,B,0.37000000,95393.00000000
1676328883,B,0.36990000,173053.00000000
1676328883,B,0.36980000,130506.00000000
1676328883,B,0.36970000,27959.00000000
1676328883,B,0.36960000,9990.00000000
1676328883,B,0.36950000,147894.00000000
1676328883,B,0.36940000,344081.00000000
1676328883,A,0.37140000,106291.00000000
1676328883,A,0.37150000,139166.00000000
1676328883,A,0.37160000,136552.00000000
1676328883,A,0.37170000,75312.00000000
1676328883,A,0.37180000,69593.00000000
1676328883,A,0.37190000,61559.00000000
1676328883,A,0.37200000,202887.00000000
1676328883,A,0.37210000,36891.00000000
1676328883,A,0.37220000,34229.00000000
1676328883,A,0.37230000,27399.00000000
1676328883,A,0.37240000,53584.00000000
1676328883,A,0.37250000,15585.00000000
1676328883,A,0.37260000,24001.00000000
1676328883,A,0.37270000,15220.00000000
1676328883,A,0.37280000,564369.00000000
1676328883,A,0.37290000,28712.00000000
1676328883,A,0.37300000,15637.00000000
1676328883,A,0.37310000,35761.00000000
1676328883,A,0.37320000,113640.00000000
1676328883,A,0.37330000,21567.00000000
1676328884,B,0.37130000,44075.00000000
1676328884,B,0.37120000,36835.00000000
1676328884,B,0.37110000,105595.00000000
1676328884,B,0.37100000,125526.00000000
1676328884,B,0.37090000,87787.00000000
1676328884,B,0.37080000,25711.00000000
1676328884,B,0.37070000,89366.00000000
1676328884,B,0.37060000,67002.00000000
1676328884,B,0.37050000,40549.00000000
1676328884,B,0.37040000,150049.00000000
1676328884,B,0.37030000,59803.00000000
1676328884,B,0.37020000,252511.00000000
1676328884,B,0.37010000,104306.00000000
1676328884,B,0.37000000,95393.00000000
1676328884,B,0.36990000,173053.00000000
1676328884,B,0.36980000,130506.00000000
1676328884,B,0.36970000,27959.00000000
1676328884,B,0.36960000,9990.00000000
1676328884,B,0.36950000,147894.00000000
1676328884,B,0.36940000,344081.00000000
1676328884,A,0.37140000,105431.00000000
1676328884,A,0.37150000,139166.00000000
1676328884,A,0.37160000,136552.00000000
1676328884,A,0.37170000,75312.00000000
1676328884,A,0.37180000,69593.00000000
1676328884,A,0.37190000,61559.00000000
1676328884,A,0.37200000,203887.00000000
1676328884,A,0.37210000,35891.00000000
1676328884,A,0.37220000,34229.00000000
1676328884,A,0.37230000,27399.00000000
1676328884,A,0.37240000,53584.00000000
1676328884,A,0.37250000,15585.00000000
1676328884,A,0.37260000,24001.00000000
1676328884,A,0.37270000,15220.00000000
1676328884,A,0.37280000,564369.00000000
1676328884,A,0.37290000,28712.00000000
1676328884,A,0.37300000,15637.00000000
1676328884,A,0.37310000,35761.00000000
1676328884,A,0.37320000,113640.00000000
1676328884,A,0.37330000,21567.00000000
1676328885,B,0.37130000,44075.00000000
1676328885,B,0.37120000,36835.00000000
1676328885,B,0.37110000,105595.00000000
1676328885,B,0.37100000,125526.00000000
1676328885,B,0.37090000,87787.00000000
1676328885,B,0.37080000,25711.00000000
1676328885,B,0.37070000,89366.00000000
1676328885,B,0.37060000,65650.00000000
1676328885,B,0.37050000,40549.00000000
1676328885,B,0.37040000,150049.00000000
1676328885,B,0.37030000,59803.00000000
1676328885,B,0.37020000,252511.00000000
1676328885,B,0.37010000,104306.00000000
1676328885,B,0.37000000,95393.00000000
1676328885,B,0.36990000,173053.00000000
1676328885,B,0.36980000,130506.00000000
1676328885,B,0.36970000,27959.00000000
1676328885,B,0.36960000,9990.00000000
1676328885,B,0.36950000,147894.00000000
1676328885,B,0.36940000,344081.00000000
1676328885,A,0.37140000,105431.00000000
1676328885,A,0.37150000,139166.00000000
1676328885,A,0.37160000,136552.00000000
1676328885,A,0.37170000,75312.00000000
1676328885,A,0.37180000,69593.00000000
1676328885,A,0.37190000,61559.00000000
1676328885,A,0.37200000,203887.00000000
1676328885,A,0.37210000,35891.00000000
1676328885,A,0.37220000,34229.00000000
1676328885,A,0.37230000,27399.00000000
1676328885,A,0.37240000,53584.00000000
1676328885,A,0.37250000,15585.00000000
1676328885,A,0.37260000,24001.00000000
1676328885,A,0.37270000,15220.00000000
1676328885,A,0.37280000,564369.00000000
1676328885,A,0.37290000,28712.00000000
1676328885,A,0.37300000,15637.00000000
1676328885,A,0.37310000,35761.00000000
1676328885,A,0.37320000,113640.00000000
1676328885,A,0.37330000,21567.00000000
1676328886,B,0.37130000,40553.00000000
1676328886,B,0.37120000,36835.00000000
1676328886,B,0.37110000,105595.00000000
1676328886,B,0.37100000,126859.00000000
1676328886,B,0.37090000,87787.00000000
1676328886,B,0.37080000,25711.00000000
1676328886,B,0.37070000,89366.00000000
1676328886,B,0.37060000,65650.00000000
1676328886,B,0.37050000,40549.00000000
1676328886,B,0.37040000,150049.00000000
1676328886,B,0.37030000,59803.00000000
1676328886,B,0.37020000,252511.00000000
1676328886,B,0.37010000,104306.00000000
1676328886,B,0.37000000,95393.00000000
1676328886,B,0.36990000,173053.00000000
1676328886,B,0.36980000,130506.00000000
1676328886,B,0.36970000,27959.00000000
1676328886,B,0.36960000,9990.00000000
1676328886,B,0.36950000,147894.00000000
1676328886,B,0.36940000,344081.00000000
1676328886,A,0.37140000,105431.00000000
1676328886,A,0.37150000,139166.00000000
1676328886,A,0.37160000,136552.00000000
1676328886,A,0.37170000,75312.00000000
1676328886,A,0.37180000,69593.00000000
1676328886,A,0.37190000,61559.00000000
1676328886,A,0.37200000,203887.00000000
1676328886,A,0.37210000,35891.00000000
1676328886,A,0.37220000,34229.00000000
1676328886,A,0.37230000,27399.00000000
1676328886,A,0.37240000,53584.00000000
1676328886,A,0.37250000,15585.00000000
1676328886,A,0.37260000,24001.00000000
1676328886,A,0.37270000,15220.00000000
1676328886,A,0.37280000,564369.00000000
1676328886,A,0.37290000,28712.00000000
1676328886,A,0.37300000,15637.00000000
1676328886,A,0.37310000,35761.00000000
1676328886,A,0.37320000,113640.00000000
1676328886,A,0.37330000,21567.00000000
1676328887,B,0.37130000,40553.00000000
1676328887,B,0.37120000,36835.00000000
1676328887,B,0.37110000,105595.00000000
1676328887,B,0.37100000,123242.00000000
1676328887,B,0.37090000,87787.00000000
1676328887,B,0.37080000,25711.00000000
1676328887,B,0.37070000,89366.00000000
1676328887,B,0.37060000,65650.00000000
1676328887,B,0.37050000,40549.00000000
1676328887,B,0.37040000,138809.00000000
1676328887,B,0.37030000,59803.00000000
1676328887,B,0.37020000,252511.00000000
1676328887,B,0.37010000,104306.00000000
1676328887,B,0.37000000,95393.00000000
1676328887,B,0.36990000,173053.00000000
1676328887,B,0.36980000,130506.00000000
1676328887,B,0.36970000,27959.00000000
1676328887,B,0.36960000,9990.00000000
1676328887,B,0.36950000,147894.00000000
1676328887,B,0.36940000,344081.00000000
1676328887,A,0.37140000,105431.00000000
1676328887,A,0.37150000,135906.00000000
1676328887,A,0.37160000,136552.00000000
1676328887,A,0.37170000,75312.00000000
1676328887,A,0.37180000,69593.00000000
1676328887,A,0.37190000,61559.00000000
1676328887,A,0.37200000,203887.00000000
1676328887,A,0.37210000,35891.00000000
1676328887,A,0.37220000,34229.00000000
1676328887,A,0.37230000,27399.00000000
1676328887,A,0.37240000,53584.00000000
1676328887,A,0.37250000,15585.00000000
1676328887,A,0.37260000,24001.00000000
1676328887,A,0.37270000,15220.00000000
1676328887,A,0.37280000,564369.00000000
1676328887,A,0.37290000,28712.00000000
1676328887,A,0.37300000,15637.00000000
1676328887,A,0.37310000,35761.00000000
1676328887,A,0.37320000,113640.00000000
1676328887,A,0.37330000,21567.00000000
1676328888,B,0.37130000,40553.00000000
1676328888,B,0.37120000,36835.00000000
1676328888,B,0.37110000,105595.00000000
1676328888,B,0.37100000,123242.00000000
1676328888,B,0.37090000,87787.00000000
1676328888,B,0.37080000,25711.00000000
1676328888,B,0.37070000,89366.00000000
1676328888,B,0.37060000,76707.00000000
1676328888,B,0.37050000,40549.00000000
1676328888,B,0.37040000,138809.00000000
1676328888,B,0.37030000,59803.00000000
1676328888,B,0.37020000,252511.00000000
1676328888,B,0.37010000,104306.00000000
1676328888,B,0.37000000,95393.00000000
1676328888,B,0.36990000,173053.00000000
1676328888,B,0.36980000,130506.00000000
1676328888,B,0.36970000,27959.00000000
1676328888,B,0.36960000,9990.00000000
1676328888,B,0.36950000,149016.00000000
1676328888,B,0.36940000,342959.00000000
1676328888,A,0.37140000,105431.00000000
1676328888,A,0.37150000,135906.00000000
